2924 4950
327 529 394 592 Aut
418 548 523 613 necnee
546 529 712 610 inpenucs,
735 534 791 591 cut
813 526 995 590 reticendus
1017 545 1116 589 onnon.

278 664 427 746 Cogitare
450 664 547 728 etiem
569 652 703 747 possisz'

329 802 396 864 Aut
416 799 526 882 fruere
549 802 707 885 inpenuis,
730 807 786 864 cut
808 799 989 863 reticendus
1011 819 1110 861 cruor.

278 933 407 1000 Initium
433 958 475 1021 qu
497 935 562 1018 (vel
581 935 663 1019 fun),
687 936 771 1017 quod
794 960 812 1000 n
832 957 878 1020 pu
899 936 953 1000 vix
976 934 1082 1013 distat,
1106 934 1145 998 ad
1166 956 1281 999 vocem

173 1054 283 1139 pudor
315 1055 455 1118 animum
486 1055 610 1119 librarii
643 1059 787 1119 avertere
820 1055 934 1138 potuit,
970 1076 1040 1118 cum
1062 1054 1156 1118 modo
1179 1053 1281 1117 sudor

178 1173 367 1255 scripsisset.
415 1173 562 1252 Queerere
584 1175 694 1238 eadem
716 1175 747 1238 vi
769 1173 954 1256 Propertius
977 1173 1104 1256 scripsit
1124 1196 1153 1236 v.
1170 1173 1199 1251 9,
1216 1195 1276 1254 quo

178 1293 262 1357 hunc
284 1292 388 1374 ipsum
411 1315 536 1357 versum
558 1294 717 1374 respicere
739 1293 872 1357 videtur.
917 1292 972 1356 Otr
994 1292 1090 1356 etiam
1111 1290 1143 1355 Π
1164 1293 1215 1369 21,
1239 1292 1274 1355 17

180 1409 233 1492 (ad
261 1433 372 1474 rocem
397 1411 469 1493 frui
496 1412 543 1475 cfr
573 1410 604 1474 H
636 1413 666 1489 9,
697 1413 738 1475 24
769 1413 829 1476 istc
859 1412 974 1494 fruente
1006 1413 1085 1492 uiro,
1116 1409 1174 1474 Or.
1206 1409 1274 1474 Am.

179 1527 211 1592 ΙΙ
238 1530 266 1607 9,
300 1530 340 1592 46
374 1551 456 1614 seepe
489 1530 587 1612 fetent·
620 1529 773 1609 dominc).
817 1529 992 1611 Postquam
1011 1530 1120 1614 pudor
1141 1529 1275 1611 irrepsit,

180 1670 244 1711 non
265 1647 370 1728 potuit
392 1649 549 1733 inpennns
572 1647 751 1731 (inpenuis)
773 1671 838 1712 non
859 1649 929 1712 fieri
952 1651 1118 1731 inpennus.

282 1764 399 1830 Totum
420 1765 525 1830 locum
548 1767 797 1830 enarraverim¹2

281 1884 426 1948 Amicus:
463 1883 529 1948 “Tu
563 1885 689 1966 quidem
722 1886 760 1949 de
794 1885 910 1949 vilibus
943 1887 1120 1967 quaerendis
1151 1887 1278 1952 tacere²

183 2002 288 2081 debes,
311 2003 365 2084 qui
388 2003 579 2067 carminibus
601 2004 664 2068 tuis
687 2004 727 2068 ab
751 2004 895 2069 omnibus
914 2005 1005 2069 lectis
1023 2006 1196 2070 identidem
1215 2011 1279 2070 tam

183 2124 291 2185 sancte
314 2121 540 2202 adfirmaveris,
563 2127 595 2187 te
618 2121 787 2205 Cynthiam
809 2146 904 2187 unam
926 2146 1032 2188 amare
1056 2129 1087 2188 et
1103 2130 1280 2191 amaturum

184 2239 284 2305 esse3.
329 2239 405 2316 Quis
438 2263 502 2304 non
533 2264 591 2323 pro
622 2247 654 2306 te
686 2231 851 2306 erubescet
878 2247 1009 2325 propter
1031 2248 1163 2323 tentam,
1187 2268 1279 2326 quam

183 2360 233 2424 his
255 2359 318 2424 tuis
341 2359 446 2424 verbis
468 2361 586 2442 prodis,
608 2361 792 2426 levitatem?
830 2361 933 2437 Quare
956 2367 1010 2426 cut
1025 2386 1131 2444 quaere
1146 2364 1278 2428 feminas

183 2478 394 2558 honestiores,
428 2479 529 2560 qualis
564 2484 612 2544 est
645 2479 791 2562 Cynthia,
822 2487 876 2545 aut
906 2481 1019 2545 saltem
1051 2482 1118 2546 cela
1141 2506 1278 2547 amorem

183 2597 273 2661 illum
295 2599 451 2679 turpem!“

286 2714 484 2797 Propertius:
508 2715 552 2780 At
571 2717 598 2780 si
618 2717 754 2800 Cynthia
768 2722 835 2782 tam
849 2719 952 2783 facilis
968 2723 1051 2783 esset
1066 2743 1160 2801 quem
1176 2725 1280 2784 scorta

186 2976 254 3032 nec,
285 2958 320 3018 ut
348 2976 430 3018 nunc
452 2955 498 3034 fit,
521 2958 590 3019 tota
612 2955 689 3020 urbe
712 2954 906 3019 infamarer⁵
929 2955 1066 3038 Cynthia
1088 2959 1205 3022 amoris
1228 2959 1280 3021 de-

290 3140 299 3171 ¹
323 3145 389 3192 Nam
419 3146 548 3191 editorum
579 3159 629 3191 non
657 3146 733 3192 nimis
765 3147 914 3193 edoceberis
944 3147 999 3193 sive
1029 3148 1104 3205 nugis
1123 3149 1178 3194 sive
1197 3173 1228 3180 -
1250 3147 1280 3194 si-

186 3232 273 3278 lentio.

290 3309 300 3339 ²
318 3314 363 3360 Cir
380 3315 437 3360 Ter.
457 3315 518 3360 Hec.
537 3314 578 3360 III
598 3317 619 3375 l,
638 3317 669 3362 37
693 3316 754 3361 Tute
772 3319 892 3376 loqueris,
909 3333 947 3363 me
965 3325 1032 3364 uetus
1050 3304 1183 3376 scsloqui.

290 3410 577 3475 ³Rcspiciunturloei
604 3418 694 3476 quoles
718 3421 779 3464 sunt
800 3419 813 3464 I
837 3421 875 3478 12,
903 3422 932 3467 19
952 3434 999 3480 sq,
1019 3423 1057 3479 18,
1078 3423 1108 3466 31
1128 3435 1175 3480 sq,
1195 3424 1233 3468 19.
1253 3443 1282 3452 -

187 3501 264 3546 Erret
281 3500 429 3546 anrnrnnn'
447 3501 591 3560 explicans:
613 3501 679 3548 “non
698 3504 775 3548 credo
794 3505 840 3550 tibi
858 3505 995 3562 cynthiam
1008 3519 1113 3563 gravem
1127 3520 1193 3564 esse,
1207 3517 1282 3564 quam

188 3589 258 3632 totus
276 3586 390 3645 populus
409 3587 492 3632 Tuom
510 3586 588 3644 legiu‘
609 3586 676 3644 (coll.
695 3588 707 3633 I
726 3585 765 3649 8b,
785 3590 828 3636 42:
849 3591 958 3649 Cynthia
975 3605 1041 3636 rura
1059 3606 1111 3636 ntea
1129 3590 1183 3647 est).

289 3681 390 3732 4Ηαιπ)
408 3689 461 3734 vim
479 3689 558 3734 hebet
576 3692 690 3748 nequitie
708 3691 787 3736 etiem
805 3692 818 3736 Ι
837 3695 859 3750 6,
880 3694 910 3738 26
929 3708 966 3738 me
985 3695 1039 3738 sine
1051 3717 1083 3723 -
1096 3694 1161 3738 hanc
1173 3696 1284 3739 animum

188 3779 305 3818 estrenrae
324 3774 428 3818 reddere
445 3777 564 3833 nequitiee
583 3778 608 3820 et
626 3774 666 3820 III
686 3777 725 3832 19,
746 3778 775 3822 10
794 3777 891 3823 rabien
907 3779 1024 3823 stimulos
1035 3780 1156 3837 tenueere
1169 3780 1285 3837 nequitie

190 3858 239 3914 [cfr
256 3871 279 3904 v.
301 3858 313 3902 1
333 3857 429 3911 libido).

291 3953 429 4018 5Iuteunis
455 3964 481 4006 et
503 3963 631 4018 infamare
654 3965 815 4022 usurpentur
833 3965 865 4010 de
885 3965 937 4010 vito
955 3966 1044 4024 aperte
1063 3964 1208 4010 libidinose.
1244 3963 1289 4008 Otr

190 4044 216 4089 11
237 4047 275 4104 16,
294 4048 325 4092 39
345 4048 453 4104 infamis
471 4061 543 4091 uereor
562 4045 692 4107 (Antonii),
711 4048 751 4093 ΠΙ
771 4050 809 4108 11,
824 4050 854 4095 28
869 4050 985 4107 Iuppiter·
998 4052 1108 4107 inferrent
1120 4065 1192 4108 seque
1204 4063 1289 4095 secam-

98 4150 101 4156 ·
191 4143 237 4189 que
255 4130 363 4177 domum.
