2924 4950
296 525 359 589 Nee
382 546 512 616 somnus
534 532 649 610 teperet
671 527 772 610 quiete
795 528 917 609 ocellos,

297 645 357 708 Sed
378 651 441 709 toto
465 645 640 709 indomitus
660 645 773 728 farore
796 647 873 711 tecto

300 763 452 828 Versurer
475 765 606 848 cupiens
628 763 736 828 uidere
759 765 867 844 lacem,

204 928 261 994 Iuv.
282 930 366 1012 XIII,
390 934 450 997 217
474 955 536 1015 sq.:

293 1068 390 1132 Nocte
411 1069 532 1133 brevem
554 1071 583 1133 si
603 1069 687 1151 forta
710 1071 848 1134 Indulsit
871 1093 948 1134 euru
971 1092 1124 1156 soporem,

291 1187 333 1250 Et
354 1193 416 1251 toto
438 1195 565 1251 uersuta
588 1195 655 1251 toro
678 1190 743 1252 iura
766 1189 902 1253 ruembra
925 1192 1100 1274 putescunt,

194 1357 349 1440 Propertii
371 1357 470 1440 ipsius
492 1354 508 1420 I
532 1357 581 1434 14,
604 1357 660 1420 21:

674 1472 757 1557 (Illa
781 1474 921 1560 [Venus]
945 1477 1134 1558 aestimet)

341 1632 379 1671 —,
402 1596 553 1659 miserum
575 1601 638 1658 toto
661 1595 805 1659 iuvenem
827 1618 955 1661 uersare
980 1596 1087 1677 cartili,

186 1763 220 1828 H
243 1766 295 1843 22,
318 1765 373 1829 47:

293 1899 419 1979 Ostama
442 1902 533 1964 illum
555 1907 618 1964 toto
640 1908 770 1965 versarat
792 1903 938 1986 suspiria
960 1903 1059 1966 lectu!

183 2069 295 2151 Atque
328 2070 361 2133 in
385 2069 475 2134 lectis
498 2069 713 2135 Romanorum
734 2071 826 2135 binos
848 2071 945 2154 fuisse
967 2075 1055 2134 toros
1077 2071 1191 2134 docent
1214 2091 1284 2133 cum

184 2188 243 2252 alii
264 2188 326 2252 Ioci
348 2193 415 2252 tum
439 2186 496 2252 Ov.
520 2187 592 2252 Am.
615 2187 663 2252 III
686 2191 736 2266 14,
759 2191 814 2275 32:

292 2323 355 2388 Our·
372 2317 506 2408 pressus
526 2325 620 2409 prior
642 2332 687 2388 est
709 2327 905 2410 interiorque
928 2326 1040 2388 torus?

182 2497 217 2558 et
241 2492 367 2557 Consol.
392 2493 431 2556 ad
452 2492 521 2557 Liv.
545 2495 604 2558 327
628 2516 691 2575 sq.:

287 2629 330 2692 Er
352 2629 453 2693 sabito
476 2636 639 2714 tentusque
661 2651 759 2693 rnaau
781 2651 953 2714 sperasque
975 2637 1143 2714 receptam,

341 2749 465 2828 eroeris
488 2755 516 2811 et
538 2750 573 2812 ia
595 2749 689 2812 vacui
704 2755 802 2832 parte
821 2751 932 2832 priore
955 2749 1063 2814 torffl

181 2916 289 2992 Quare
305 2886 308 2892 .
322 2915 524 2998 Propertium
556 2917 618 2982 alio
652 2917 789 2982 carmine
822 2916 868 3000 (II
900 2917 962 2998 17),
993 2918 1049 2982 ubi
1071 2941 1104 2982 se
1131 2912 1281 2983 “vacuum

180 3038 360 3098 amantem“
397 3057 466 3100 esse
500 3036 651 3118 queritur,
684 3036 753 3120 ipsa
785 3036 840 3100 illa
867 3035 987 3118 phrasi,
1011 3060 1105 3118 quam
1126 3037 1187 3101 hoo
1210 3037 1281 3101 Ioco

179 3153 322 3234 reposui,
344 3154 391 3218 uti
413 3155 555 3218 videmus
578 3154 641 3238 (vv.
665 3157 684 3220 3
707 3155 782 3238 sq.):

285 3289 411 3352 Horum
434 3311 488 3373 epo
511 3312 581 3354 sum
603 3297 699 3372 vates
723 3293 867 3375 pacatiana
890 3292 1033 3355 desertus
1056 3313 1186 3356 araturas

336 3407 472 3490 Espteai
494 3416 610 3487 tractes,
631 3409 758 3491 fructus
780 3416 914 3494 utroque.
937 3417 1014 3473 tore.

169 3588 173 3597 '
218 3600 221 3606 ·
283 3575 403 3640 Verum
425 3576 452 3640 si
474 3583 542 3641 toro
564 3582 650 3641 reete
673 3582 721 3641 est
743 3601 761 3641 a
782 3578 874 3642 nobis
890 3577 1057 3661 Propertio
1076 3579 1278 3657 vindicatum,

181 3691 276 3756 lectio
299 3696 441 3757 araim-rua
464 3696 612 3759 sustineri
634 3718 699 3758 non
719 3700 826 3778 potest
839 3695 860 3775 ²,
883 3719 957 3760 nam
980 3719 1092 3779 eorpus
1109 3696 1169 3778 (cfr
1182 3720 1278 3761 riseru-

183 3809 240 3873 bra
262 3811 344 3894 apud
365 3810 569 3895 Iuvenalem),
592 3836 656 3877 non
678 3815 800 3878 animus
823 3815 856 3878 in
877 3815 960 3879 testo
979 3820 1132 3880 versatur.
1165 3815 1278 3899 Neque

155 3950 158 3955 ·
183 3928 300 3993 habent
322 3931 446 3994 codices
467 3933 578 4013 optimi
594 3934 747 4014 uariarum,
761 3934 816 3997 sed
831 3936 949 4015 arrium,
964 3937 1177 4017 praeterquam
1193 3938 1278 4017 quod

287 4131 295 4161 ¹
314 4136 358 4197 Ghsr
376 4136 455 4181 etiam
473 4138 549 4196 Prop.
567 4138 607 4183 III
626 4139 665 4197 21,
685 4142 708 4199 8,
727 4139 761 4185 IV
780 4143 803 4199 8,
822 4142 861 4200 89,
880 4141 925 4187 Ov.
944 4141 999 4187 Am.
1018 4140 1073 4201 18,
1093 4142 1132 4201 97,
1151 4141 1217 4203 114,
1236 4143 1276 4194 34.
1323 4146 1326 4150 '

284 4214 391 4270 ²'Vide0
411 4225 436 4269 et
455 4222 534 4270 miror·
552 4223 694 4273 Psuuuavu
712 4225 777 4276 illud
796 4228 908 4273 antinum
927 4238 1040 4275 servare.
