2924 4950
1076 391 1113 446 35

72 555 156 618 modo
187 554 339 635 explicari
368 577 432 618 non
462 577 554 637 posse
572 555 722 635 ridetur:
755 555 819 618 ’aut
846 576 916 618 eum
938 554 1045 636 digitis
1068 555 1159 637 signa

73 673 119 736 das
139 676 209 736 tuiis
232 672 382 756 epistulas
406 671 470 754 (vel
491 678 546 737 tua
569 671 721 755 earmina)
744 695 812 736 esse
835 673 1000 737 celandas'.
1038 673 1108 738 Hoc
1124 679 1160 738 ut

71 812 120 871 per
148 813 181 854 se
213 790 382 854 absurdum
409 814 471 855 non
503 796 560 870 est,
582 792 705 864 itacur
726 791 760 854 in
781 791 865 855 huno
886 814 1002 855 nexum
1024 792 1159 874 epistula

71 908 215 972 inferatur
244 931 309 973 non
335 909 455 992 patet¹‚
478 933 590 992 neque,
615 912 698 992 quod
720 915 772 974 est
789 910 971 989 maximum,
994 910 1062 974 haeo
1086 934 1158 991 sen-

70 1027 160 1091 tentia
182 1028 331 1092 convenit
352 1029 392 1091 ad
412 1027 499 1092 locos
521 1029 592 1092 illos
615 1028 733 1092 Tibulli
756 1033 788 1093 et
810 1028 914 1093 Ovidii
932 1029 1016 1093 haud
1031 1053 1179 1114 paucos„
1206 1114 1208 1118 Ι

71 1145 174 1227 quibus
197 1147 291 1210 dere
314 1145 473 1210 simillima
498 1148 617 1211 mentio
645 1147 690 1210 fit.
734 1147 862 1211 Etenim
884 1147 967 1210 infra
990 1170 1159 1230 congeram

68 1265 146 1329 locos
176 1265 361 1347 permultos,
388 1265 444 1328 ubi
466 1266 520 1347 qui
542 1266 651 1329 furtim
674 1270 780 1329 amant
803 1266 872 1329 aliis
896 1266 995 1347 (velut
1017 1267 1085 1330 viro
1109 1268 1159 1331 vel

68 1383 165 1465 rivali)
197 1384 407 1466 praesentibus
440 1385 538 1466 signis
570 1384 700 1449 occultis
718 1385 805 1448 inter
828 1407 861 1448 se
879 1384 997 1449 'blande
1020 1368 1173 1468 colloqui¹

68 1501 216 1566 dicuntur.
259 1500 365 1584 Atque
387 1502 436 1567 his
459 1503 683 1567 convenienter
704 1503 764 1605 lroc
787 1526 911 1584 quoque
932 1503 1003 1568 loeo
1026 1527 1157 1586 exspec-

65 1621 155 1684 tanda
178 1625 227 1684 est
248 1621 419 1685 sententia:
444 1621 486 1685 'si
508 1621 582 1684 alii
604 1621 750 1703 puellae
774 1622 902 1686 oeulis
925 1622 990 1685 vel
1012 1622 1158 1705 digitis

63 1739 176 1822 signa
214 1740 361 1804 amoris
397 1740 552 1804 furtiva
585 1740 672 1804 das’.
724 1740 796 1804 Duo
830 1744 903 1804 sunt
934 1740 997 1804 looi
1030 1740 1157 1805 Tibulli.

62 1857 148 1922 Vnus
173 1861 222 1922 est
242 1856 258 1921 I
280 1861 309 1935 2,
332 1859 371 1922 21
395 1881 457 1940 sq:

82 1991 85 1997 “
160 1991 253 2057 Illa2
274 1996 343 2058 niro
367 2015 473 2058 eornm
494 2001 591 2058 nutus
614 1994 758 2080 ceriferre
781 1995 924 2079 loquaces

212 2113 403 2198 Blandaque
426 2115 599 2197 conpositis
621 2113 735 2178 obdere
758 2114 851 2177 uerbo
874 2116 969 2194 aeolis,

54 2271 154 2331 quem
176 2246 307 2313 Ovidius
327 2249 486 2341 expressit
507 2246 580 2312 Am.
602 2247 649 2312 ΠΙ
671 2251 700 2328 2,
723 2251 764 2313 23
786 2273 847 2331 sq:

167 2382 273 2464 Quid³
295 2386 443 2448 iiinenuni
466 2385 579 2448 taeitos
602 2387 685 2448 iuter
708 2387 852 2448 eoiioioio
874 2393 971 2449 lentus

221 2502 382 2587 Verbaque
405 2504 577 2587 conpositis
600 2503 805 2567 dissimulato
827 2505 932 2568 notis?

55 2637 153 2702 Alter
175 2641 281 2702 autem
304 2642 352 2702 est
373 2635 389 2701 I
411 2639 440 2716 6,
465 2639 503 2701 19
527 2660 588 2720 sq:

164 2770 258 2837 Neu4
279 2779 308 2836 te
331 2772 471 2857 decipiat
493 2779 582 2854 nutu,
606 2774 767 2858 diqitoque
790 2775 943 2858 liquorem

216 2891 264 2956 Ne
286 2891 394 2955 trahet
418 2898 447 2954 et
468 2913 583 2956 inensee
606 2870 702 2955 dicent
724 2894 759 2956 in
783 2893 853 2956 orte
875 2900 977 2975 neotus,

57 3049 155 3109 quem
178 3025 309 3092 Ovidius
331 3027 434 3091 minus
457 3032 602 3092 accurate
625 3027 739 3092 adtulit
760 3027 856 3091 Trist.
880 3027 1078 3110 1145)ssqu

169 3163 268 3248 thue
290 3161 412 3246 refert⁵
434 3163 547 3247 diqitis
569 3183 652 3246 saepe
674 3171 719 3226 est
741 3169 881 3248 niiiuque
904 3164 1026 3227 loeutus

213 3281 256 3345 Et
277 3283 408 3345 taciturn
430 3302 545 3345 neusin
567 3281 661 3344 duait
683 3283 717 3344 in
741 3281 812 3344 orbe
834 3289 940 3345 notuin

58 3421 91 3481 et
113 3415 257 3503 imitatus
281 3420 329 3480 est
350 3416 411 3499 Ep.
434 3415 513 3481 XVI
535 3415 654 3498 (XVII)
672 3417 716 3480 787
741 3439 801 3498 sq:

165 3570 268 3621 ¹Dicat
293 3573 422 3634 quispiam
449 3573 499 3619 hoo
526 3573 591 3618 nihil
613 3573 749 3618 ostendere
769 3572 818 3618 nisi
835 3572 884 3618 hos
902 3585 994 3618 versus
1012 3576 1083 3619 recto
1102 3574 1159 3619 loeo

56 3659 161 3720 positos
188 3671 240 3704 non
267 3671 332 3706 esse.
367 3658 418 3705 Sed
444 3657 546 3704 etiamsi
569 3657 595 3701 in
613 3657 679 3716 loco,
697 3657 742 3702 ubi
760 3657 785 3701 in
804 3657 891 3702 codiee
910 3658 1000 3716 scripti
1018 3661 1086 3717 sunt,
1105 3671 1159 3703 ser-

55 3748 162 3804 ventur,
188 3744 258 3791 idem
284 3744 423 3803 scrupulus
450 3745 545 3802 manet,
573 3755 656 3800 noque
681 3743 859 3787 Hrnrzsruoro
878 3742 993 3799 contigit,
1011 3745 1040 3788 ut
1058 3743 1159 3788 duabus

55 3829 171 3892 paginis,
190 3841 256 3888 quas
274 3828 301 3874 in
318 3829 367 3875 hac
385 3841 413 3874 rs
432 3826 602 3887 consumpsit,
621 3827 653 3872 de
672 3825 785 3886 epistula
797 3825 842 3872 illa
855 3825 997 3884 quidquam
1009 3826 1063 3872 veri
1075 3826 1159 3872 simile

54 3914 198 3976 proferret.

164 3991 228 4044 2εο.
248 3997 330 4044 docet.

163 4075 174 4108 ⁸
192 4095 227 4129 so.
246 4081 366 4128 reseram.

161 4160 173 4192 ⁴
191 4179 228 4213 so.
246 4168 336 4213 caveto
355 4164 425 4224 (neu)
444 4166 532 4226 puella
551 4164 585 4223 (te
604 4165 733 4226 decipiat).

162 4245 174 4277 ⁵
191 4250 318 4299 uitullus.
