2924 4950
1061 349 1097 406 19

144 514 301 597 Equidem
329 514 437 596 igitur,
461 537 640 596 quanquam
662 514 696 577 in
716 537 751 578 re
774 515 961 580 difficillima
982 515 1062 579 nihil
1085 516 1141 580 ad·

65 635 170 698 firmare
192 635 304 714 audeo,
326 634 385 699 hos
407 657 517 699 versus
540 634 736 717 scripserim:

148 771 309 855 inpertitus
331 769 482 856 quondo¹
504 772 638 835 ulterius
661 771 718 835 aar
739 792 873 835 munero
895 792 995 853 seron,

201 890 241 954 Vr
257 891 422 975 promisso
444 911 510 953 sure
531 889 626 954 oertu
646 890 734 971 feret
756 891 901 972 doroince,

147 1009 187 1074 Et
209 1012 324 1095 quierit
346 1011 461 1074 totiens
482 1009 638 1094 ’querum
660 1031 746 1074 riano
762 1012 910 1095 porticus
932 1012 1023 1075 ittera

196 1129 344 1212 lampii?
368 1136 396 1193 et
417 1129 538 1214 ’compo
562 1150 621 1214 quo
643 1137 743 1193 rueret
765 1131 824 1193 iiio
840 1129 987 1214 peries?’;

147 1248 271 1312 Deinde
293 1248 347 1312 ubi
365 1250 539 1332 pertuleris
561 1269 639 1333 quos
662 1249 741 1311 dicit
760 1249 851 1330 famu
874 1249 995 1312 latores

198 1367 359 1449 Herculis,
381 1374 417 1431 ut
438 1367 557 1431 scribat
578 1367 730 1431 ’muneris
753 1367 865 1452 ecquid
886 1367 1021 1448 tubes?’,

150 1485 281 1550 Cernere
301 1488 351 1550 reti
367 1488 476 1570 possis
497 1487 618 1549 ruitura
641 1485 781 1550 castoriis
803 1488 919 1566 ornari,

199 1604 319 1689 Captus
341 1612 369 1668 et
391 1605 549 1668 inmunda
571 1626 652 1688 serpe
675 1606 772 1668 tatere
795 1625 885 1667 cosa:

152 1722 252 1802 Quom
274 1744 346 1787 eure
368 1724 461 1787 semei
483 1725 518 1786 in
541 1729 602 1786 roto
625 1744 689 1786 noa
710 1723 845 1785 vertitur
867 1723 971 1785 orreo!

198 1844 228 1905 A
246 1847 392 1926 pereunt,
414 1844 443 1905 si
466 1863 543 1926 piros
565 1843 665 1906 innon
690 1842 798 1905 clauso
822 1841 930 1904 irruat!

147 2065 184 2126 11
206 2066 258 2143 aa,
281 2066 420 2127 23—24.

148 2199 294 2264 Libertas
316 2201 467 2285 quereiam
489 2201 573 2264 uuiti
595 2202 661 2263 iura
682 2207 782 2264 restat
805 2200 937 2281 arronii,

197 2318 316 2383 Nullus
340 2319 418 2382 tiber
440 2321 510 2400 erit,
533 2321 563 2383 si
585 2322 656 2404 puis
679 2340 788 2383 errrore
810 2320 900 2382 rotet.

149 2451 363 2518 intolerabilis
393 2453 617 2536 pleonasmus2
647 2477 711 2518 non
743 2459 790 2518 est
816 2477 913 2518 unum
934 2453 1048 2518 horum
1069 2476 1142 2518 ver-

63 2588 139 2633 suum
160 2572 286 2636 vitium.
330 2571 415 2636 Nam
437 2573 533 2637 etiam
556 2573 713 2636 sententia
735 2595 754 2636 a
775 2576 844 2636 tota
860 2571 1007 2636 carminis
1023 2594 1145 2636 summa

62 2685 206 2756 abhorret.
250 2691 334 2756 Eum
355 2715 462 2771 unum,
484 2693 538 2774 qui
557 2697 671 2774 nuptas
688 2696 781 2771 amet,
797 2691 981 2774 Propertius
996 2691 1144 2754 libertate

62 2825 155 2872 carere
184 2814 301 2903 conset,
325 2810 379 2891 qui
400 2811 583 2875 meretrices
607 2814 700 2890 amet,
723 2832 787 2874 non
809 2810 895 2874 item.
940 2809 1043 2886 Quare
1065 2810 1144 2874 viles

60 2922 111 3005 ipsi
133 2927 268 3010 placent.
293 2966 331 2975 —
354 2927 466 3010 Itaque
488 2929 573 2994 haud
595 2929 660 2994 scio
683 2952 723 2992 an
744 2929 828 2992 hunc
849 2928 955 2992 locum
978 2930 1144 2993 emendare

61 3046 206 3124 possimus
240 3045 406 3112 scribendo
440 3050 573 3112 coenredi
605 3071 663 3131 pro
698 3049 829 3112 ornanti.
885 3047 966 3111 Tum
1001 3071 1017 3111 e
1050 3071 1144 3112 versu

59 3165 210 3244 superiore
249 3166 356 3249 (furto
388 3168 511 3252 pudica
545 3165 645 3248 tort-⁶⁵)
684 3167 724 3230 ad
759 3166 843 3229 nertii
876 3167 1065 3230 audiendum
1097 3171 1145 3230 est

59 3277 175 3364 'nuptae'
200 3288 232 3348 et
255 3285 294 3348 ad
316 3307 425 3349 cruore
448 3285 609 3368 nuptam.
644 3284 724 3360 Quia
746 3285 853 3367 nuptis
875 3285 939 3348 iam
961 3286 981 3348 i.
1005 3307 1031 3348 c.
1053 3289 1146 3366 post

57 3400 237 3483 nuptias⁴
262 3402 394 3467 libertas
426 3404 551 3468 amandi
577 3426 640 3468 non
662 3401 784 3467 restat⁵
807 3403 867 3485 (cfr
889 3427 918 3467 v.
944 3404 983 3467 13
1006 3425 1074 3488 quoe
1097 3404 1144 3466 ti-

58 3499 249 3514 Ἠ

153 3537 160 3566 ¹
178 3543 217 3588 Ad
236 3543 378 3603 elisionem,
398 3557 453 3601 quae
472 3545 573 3602 dicitnr,
592 3545 631 3589 cfr
648 3544 674 3589 II
693 3545 733 3602 24,
754 3545 791 3589 15.
827 3543 867 3588 III
887 3545 909 3601 G,
929 3545 968 3589 39.

151 3619 262 3680 ²Quam
290 3628 323 3673 ob
350 3642 405 3674 rem
432 3629 467 3675 W.
495 3629 605 3673 Fiscnna
632 3629 673 3684 (de
701 3629 749 3673 loc.
778 3627 897 3685 quibusd.
921 3629 997 3686 Prop.
1015 3641 1040 3686 p.
1060 3627 1100 3682 31)
1120 3631 1145 3673 et

57 3707 149 3755 Ptnssrs
177 3711 283 3767 (Etudce
312 3713 366 3758 crit.
390 3727 435 3759 sur
452 3714 528 3772 Prop.
547 3728 571 3772 p.
592 3713 649 3769 135)
668 3715 861 3772 pentametrum
878 3712 1062 3771 interpolatum
1080 3713 1145 3756 iudi·

57 3797 117 3841 cant.
152 3796 245 3856 Panrr,
272 3800 301 3842 ut
327 3798 496 3856 pleonasmus
523 3798 635 3857 abesset,
662 3810 768 3843 sensum
796 3809 888 3842 versus
908 3797 1013 3842 minoris
1032 3796 1145 3842 absurde

57 3881 187 3935 pervertit:
206 3883 281 3927 'none
300 3885 370 3928 must
388 3883 446 3928 love
464 3883 519 3928 who
538 3882 620 3928 which
638 3885 664 3928 to
682 3882 715 3927 be
733 3881 803 3927 free'.

152 3958 224 4010 ³Gsr
241 3966 268 4011 ΙΙ
287 3969 309 4027 6,
329 3971 359 4014 29
379 3970 455 4013 lectus
474 3967 514 4022 (Ξ
533 3967 652 4017 coniunx)
671 3967 763 4012 Vlixis.

151 4044 204 4096 ⁴si
223 4052 341 4097 codicum
360 4053 489 4111 scriptura
506 4052 638 4111 retinetur,
657 4054 709 4096 icor
727 4051 791 4097 illud
810 4051 931 4097 abundat.

153 4127 225 4182 ⁵011·
243 4138 288 4182 Ov.
307 4137 335 4182 A.
355 4151 376 4182 a.
395 4137 435 4183 III
455 4138 516 4183 613:

235 4222 322 4279 Nupta
340 4224 423 4267 rtrum
442 4223 535 4267 timeat.
573 4223 641 4266 Ruta
659 4223 693 4267 sit
712 4222 826 4268 crestodr'a
843 4226 937 4278 nuptie.
