2924 4950
73 542 138 606 Met.
165 539 211 604 IV
233 541 290 604 63:

557 653 646 717 Nutu
668 652 831 735 siqnisque
853 644 1056 732 loquuntur1.

71 779 103 845 Α.
124 803 150 857 e.
173 777 203 843 Π
226 779 286 842 595
309 799 374 859 sq:

918 885 983 950 Nee
1005 907 1058 950 vos
1120 879 1122 883 ’
1212 937 1215 944 ,

213 1016 359 1100 Excipite
382 1034 504 1078 ainana
527 1010 621 1074 verbu
643 1015 755 1074 notatu
779 1027 885 1070 manu.

69 1184 102 1248 Α.
124 1208 150 1248 a.
173 1183 189 1248 Ι
213 1186 271 1249 137
295 1205 357 1264 sq:

161 1338 220 1402 Nil
241 1359 321 1422 opus
343 1343 387 1400 esi
409 1336 531 1419 dipitis,
551 1354 610 1417 per
632 1353 708 1416 quos
731 1351 853 1394 arcuna
875 1329 1029 1411 loquaris,

212 1456 278 1521 Nec
300 1455 359 1519 iiii
379 1475 438 1540 pei·
460 1460 557 1517 nutus
580 1449 770 1534 accipienda
792 1455 868 1512 uois
890 1455 945 1512 esi.
1015 1457 1017 1462 “

66 1609 115 1674 cfr
136 1610 234 1674 eiiam
255 1608 326 1673 Am.
349 1607 381 1672 Π
403 1610 432 1686 7,
449 1609 467 1671 5
491 1629 553 1689 sq:

162 1762 310 1827 Candida
332 1782 387 1825 seu
409 1763 505 1824 inuito
529 1760 611 1823 vidit
632 1780 679 1822 me
700 1758 824 1841 femina
846 1760 945 1838 iiiiii,

210 1881 249 1945 lu
272 1882 362 1945 initii
383 1883 500 1944 tacitus
523 1881 635 1963 arquis
658 1899 723 1942 esse
745 1886 847 1942 notus.

158 2051 219 2116 His
240 2051 318 2115 locis
341 2049 539 2115 collatisvix
566 2047 695 2115 dubium
718 2069 786 2141 esse
808 2052 924 2130 potest,
948 2048 1024 2129 quin
1045 2049 1078 2111 in
1099 2049 1155 2112 illo

56 2194 151 2236 versu
184 2169 391 2252 Propertiano
422 2168 535 2232 vocula
561 2174 616 2230 iiia
640 2171 789 2249 corrupta
810 2167 861 2245 sit,
883 2167 1061 2249 praesertim
1085 2189 1155 2231 cum

55 2291 125 2354 veri
158 2289 260 2354 simile
293 2289 445 2364 videniur,
480 2287 622 2368 quamvis
650 2284 779 2351 Ovidius
803 2285 921 2350 Tibulli
944 2291 976 2350 ei
997 2285 1156 2368 Propertii

56 2408 178 2472 verba
214 2408 355 2472 imitatus
389 2404 464 2484 sii²,
497 2406 559 2469 hoc
591 2406 695 2487 ipsum
729 2410 1010 2486 argumentum
1043 2411 1155 2488 poetas

56 2527 219 2592 Romanos
250 2548 289 2590 ex
320 2525 607 2590 Alexandrinorum
630 2524 821 2588 carminibus
844 2525 1014 2606 sumpsisse
1028 2523 1049 2588 3.
1094 2523 1156 2588 Sed

55 2669 93 2710 ne
125 2668 195 2709 cum
222 2646 348 2727 quidem
368 2645 447 2709 illud
467 2644 582 2726 placei.
619 2641 704 2707 Nam
728 2665 796 2707 cuni
819 2648 850 2707 et
872 2644 984 2726 dipiiis
1007 2645 1156 2726 coniungi

55 2747 122 2830 non
142 2768 285 2847 possunt,
309 2763 455 2845 quoniam
478 2763 539 2827 hoc
562 2786 580 2826 a
603 2763 828 2827 consuetudine
842 2763 957 2827 Latina
972 2763 1154 2840 abhorrete

55 2884 171 2966 Neque
195 2883 383 2959 coniunctim
407 2905 477 2963 quae
501 2886 641 2959 vocatur,
664 2882 725 2946 hoc
747 2882 817 2946 loco
839 2882 944 2964 posita
967 2887 1041 2965 apia
1063 2888 1120 2946 est.
1212 2926 1215 2933 -

148 3036 271 3115 Quare,
301 3035 425 3100 silicet
447 3035 599 3111 divinare,
623 3035 811 3117 scripserim,
834 3032 982 3099 Ovidium
1005 3041 1155 3119 exparte

53 3161 197 3222 secutus:

162 3310 257 3374 Tenis
278 3309 461 3394 superciliis
483 3312 513 3374 si
535 3309 661 3394 quando
684 3309 776 3372 verbu
798 3312 935 3374 »remittis

209 3429 275 3493 Aut
297 3431 410 3493 inciti
433 3429 545 3513 dipiiis
568 3430 690 3513 scriptu
713 3431 838 3493 silenda
860 3439 961 3495 unius.

162 3667 172 3698 ¹
189 3673 315 3728 Pyramus
334 3673 360 3716 ei
378 3670 482 3716 Thisbe.

160 3768 173 3800 ²
190 3773 235 3820 Ofr
249 3773 384 3832 munuum,
403 3773 474 3818 Ovid.
491 3787 516 3819 u.
534 3774 727 3821 seinVe1·h.zu
744 3776 792 3820 den
809 3775 885 3832 Vorg.
906 3777 933 3823 P.
950 3776 963 3821 I
979 3790 1021 3835 pp.
1038 3778 1085 3823 130
1099 3791 1155 3837 sqq.

160 3868 234 3920 ³Cfr
252 3874 365 3935 Mennim,
385 3875 477 3930 Quaeet.
498 3877 574 3934 Prop.
593 3890 636 3936 pp.
657 3879 687 3922 53
707 3892 763 3936 sqq.

160 3971 262 4022 ⁴ndde
287 3979 319 4023 ed
342 3978 413 4024 locos
435 3992 516 4038 supra
539 3979 630 4024 allatos
656 3980 732 4026 Luni.
751 3981 771 4025 V
791 3982 863 4040 1030,
883 3983 929 4028 Ov.
947 3982 991 4026 Fu.
1010 3981 1030 4025 V
1048 3983 1106 4042 433,
1125 3996 1156 4027 ex

51 4068 79 4113 P.
98 4064 135 4111 IV
156 4064 181 4124 2,
200 4063 240 4123 24,
258 4062 315 4108 Seu.
335 4063 393 4109 Tro.
414 4065 485 4111 1052.
522 4064 608 4110 Locus
626 4065 669 4110 ille
688 4066 848 4112 Catullienue
868 4065 918 4127 (98,
938 4069 951 4112 3
971 4065 1018 4124 sq.)
1038 4069 1157 4113 isiacum

51 4152 146 4208 linqua
171 4147 259 4205 possis
285 4149 353 4193 culos
376 4150 471 4206 liupere
498 4149 680 4211 nihilprobat,
699 4164 759 4198 nam
778 4153 902 4198 isiacum
923 4153 1070 4210 impunest
1090 4152 1155 4202 fere:

51 4233 106 4296 'qui
125 4232 208 4278 isium
227 4231 341 4290 linguam
360 4233 476 4282 habeus'.
