2924 4950
351 342 390 398 58

309 507 442 590 amplius
471 508 659 588 dubitemus,
687 507 841 573 succurrit
863 507 954 572 nobis
976 531 1005 572 v.
1030 509 1048 571 5
1072 506 1163 589 (aaut
1185 507 1275 571 modo
1298 507 1409 571 nuda-

309 629 351 690 tis
381 648 499 690 mecum
528 635 572 691 eat
599 627 720 691 dictatu
742 626 908 712 papillis),
935 627 985 691 cui
1007 649 1136 709 prorsus
1158 631 1316 710 repugnat
1337 631 1412 692 tota

308 745 377 810 haec
399 769 482 828 para.
513 745 719 810 Efficiunt
740 746 839 828 igitur
861 746 928 810 sine
952 746 1047 810 dubio
1063 770 1119 811 vv.
1138 748 1411 812 11-24unum

310 869 348 930 et
371 865 598 930 absolutum
621 889 790 931 carmen:
814 889 907 931 versu
922 869 963 931 23
979 865 1101 948 (oculos
1117 870 1268 933 satientur
1283 869 1410 950 canore)

309 985 477 1067 respicitur
507 1007 615 1049 versus
640 986 678 1048 12
702 983 801 1066 (oculi
830 994 904 1050 serat
936 987 971 1050 ia
994 1008 1099 1050 amore
1122 986 1241 1070 duces).
1285 985 1411 1051 Versus

310 1105 351 1167 23
373 1127 420 1185 sq.
451 1109 524 1168 sunt
554 1108 628 1186 apta
659 1105 806 1168 carminis
838 1105 987 1183 clausula,
1016 1106 1141 1188 qualem
1163 1106 1230 1170 fere
1252 1105 1411 1171 habemus

309 1222 402 1287 huius
426 1223 573 1288 carminis
596 1247 645 1289 vv.
670 1226 710 1289 53
733 1247 779 1306 sq.
803 1229 835 1289 et
856 1223 872 1289 I
895 1226 944 1304 19,
967 1227 1007 1289 25
1030 1247 1092 1307 sq.:

414 1361 528 1440 chore,
552 1361 627 1424 darm
650 1363 731 1441 licet,
754 1363 839 1425 inter
861 1384 919 1426 nos
940 1363 1082 1427 laetemur
1105 1369 1263 1426 ornantes:

464 1479 537 1542 Non
560 1482 639 1544 sotis
662 1488 706 1544 cst
729 1481 794 1544 ullo
817 1488 953 1565 tempore
977 1482 1088 1564 tenpus
1111 1503 1209 1544 umor.

413 1614 530 1680 Contra
560 1639 610 1680 vv.
634 1617 674 1680 25
697 1639 743 1697 sq.
767 1621 836 1680 arto
868 1616 992 1681 vinculo
1023 1621 1095 1680 sunt
1125 1616 1264 1698 copulati
1295 1639 1368 1680 cum
1394 1620 1414 1682 9

313 1757 370 1816 sq,
399 1735 441 1798 ad
470 1758 547 1816 quos
580 1735 676 1798 verba
706 1737 753 1800 sic
783 1736 937 1800 lraereatea
964 1739 1072 1818 aperte
1099 1740 1252 1818 spectant.
1297 1733 1414 1818 Itaque

313 1875 368 1916 vv.
394 1853 511 1931 1-10,
535 1853 671 1916 25-54
694 1853 804 1917 aliud
826 1854 974 1918 iustum
998 1876 1154 1918 carmen
1177 1858 1278 1918 sunt.

415 1970 577 2046 Quomodo
609 1976 714 2035 autem
744 1995 794 2036 vv.
819 1973 943 2036 11-24
969 1973 1002 2036 in
1032 1996 1164 2055 pravum
1190 1973 1280 2036 illum
1304 1974 1416 2038 locum

313 2089 490 2168 inciderint,
514 2090 672 2172 explicare
694 2113 759 2155 non
781 2113 871 2172 queo.
916 2089 978 2154 Sed
1000 2092 1033 2154 in
1055 2091 1165 2173 elegiis
1188 2114 1323 2173 quoque,
1341 2115 1415 2174 quae

314 2207 456 2289 proxime
485 2208 610 2290 scriptae
645 2213 727 2288 sunt,
759 2209 881 2291 aliquot
913 2209 1115 2274 inveniuntur
1147 2210 1416 2291 transpositiones

314 2325 465 2390 haudita
486 2326 581 2391 leves,

415 2585 454 2646 ΙΙ
475 2587 525 2648 16.

416 2715 509 2783 Prior
529 2743 603 2802 pars
624 2719 717 2784 huius
741 2720 851 2802 elegiae
875 2719 1042 2783 admodum
1064 2722 1112 2782 est
1135 2716 1274 2782 confusa.
1317 2715 1416 2796 Nam,

316 2841 352 2900 ut
383 2837 447 2900 iam
480 2836 560 2902 Orno
594 2839 826 2917 animadvertit,
858 2861 908 2902 vv.
940 2839 1065 2901 29-30
1095 2859 1228 2918 pravum
1258 2841 1417 2919 occupant

316 2955 452 3020 locum¹.
489 2956 602 3038 Neque
625 2981 674 3021 vv.
700 2960 737 3022 17
761 2981 807 3039 sq.
830 2957 991 3038 pertinent
1013 2957 1052 3019 ad
1066 2978 1185 3033 versus,
1201 2955 1256 3036 qui
1269 2955 1416 3036 proxime

318 3077 507 3140 antecedunt
538 3081 569 3140 11
600 3081 782 3158 sequuntur,
811 3076 866 3139 ubi
893 3076 1039 3139 universe
1067 3074 1208 3155 loquitur
1235 3078 1332 3156 poeta
1355 3073 1417 3157 (cfr

313 3198 425 3280 puello
455 3197 493 3259 16
521 3200 552 3259 11
579 3195 642 3277 22).
688 3195 816 3260 Certum
837 3195 916 3258 mihi
938 3195 1063 3258 videtur
1085 3217 1134 3257 vv.
1160 3195 1197 3258 17
1221 3217 1268 3274 sq.
1292 3216 1366 3258 cum
1384 3217 1415 3258 v.

320 3317 357 3378 11
391 3315 551 3380 cohaerere
566 3314 588 3393 ²,
619 3316 651 3379 id
682 3316 766 3398 quod
799 3315 920 3379 duobus
952 3314 1016 3378 illis
1047 3334 1169 3397 semper
1200 3313 1416 3378 confirmatur.

320 3432 381 3497 Sed
405 3435 442 3497 11
466 3458 513 3516 sq.
536 3457 600 3499 non
621 3439 754 3518 possunt
776 3457 792 3499 e
808 3435 881 3498 sede
897 3456 953 3498 sua
968 3431 1098 3510 moveri,
1114 3435 1149 3495 ut
1163 3431 1286 3495 monuit
1301 3429 1384 3496 Orro
1394 3430 1416 3496 ³.

320 3551 427 3631 'lube',
459 3555 504 3617 ait
534 3552 729 3636 Propertius,
761 3554 950 3636 praetorem,
982 3575 1052 3616 cum
1078 3572 1198 3633 pauper
1219 3549 1323 3614 factus
1346 3551 1416 3628 erit,

321 3672 495 3736 discedere:
527 3696 640 3755 nempe
671 3673 857 3754 dignitatem
887 3695 951 3736 non
982 3693 1082 3748 curae,
1105 3668 1206 3732 solam
1228 3666 1415 3749 pecuniam'.

427 3877 492 3927 ¹De
519 3881 571 3926 fab.
598 3881 674 3939 Prop.
701 3893 727 3938 p.
747 3880 785 3926 11.
821 3879 910 3937 Neque
928 3880 1016 3924 tamen
1034 3889 1142 3936 prorsus
1161 3877 1222 3933 apto
1240 3874 1298 3920 loco
1316 3886 1361 3920 eos
1380 3873 1415 3919 in·

323 3968 404 4013 seruit
430 3965 501 4026 (post
528 3967 577 4025 22),
605 3965 644 4011 cfr
662 3965 737 4025 Ouuo,
755 3964 935 4010 Vereumatell.
952 3964 965 4009 I
983 3977 1007 4022 p.
1028 3963 1056 4033 11
1078 3960 1123 4016 (ibi
1141 3959 1289 4005 dubitanter
1307 3960 1367 4018 post
1385 3959 1415 4004 26

322 4053 403 4114 ponit,
423 4054 449 4098 at
467 4051 505 4096 cfr
523 4050 608 4107 infra).

425 4131 435 4161 ²
453 4136 509 4182 Iam
527 4136 684 4181 Fonrurmvs
704 4137 732 4182 11
752 4149 790 4195 sq.
809 4138 870 4195 post
890 4136 919 4182 16
933 4133 1028 4194 posuit,
1041 4131 1067 4177 id
1080 4130 1149 4190 quod
1161 4127 1310 4175 Biuaunsro
1323 4127 1414 4188 placet

426 4213 632 4270 ³Veraumatell.
651 4221 664 4267 I
681 4234 705 4284 p.
728 4221 765 4268 11.
992 4220 995 4224 ’
