2924 4950
219 319 237 375 8

177 487 275 552 currit
289 490 329 550 -et
351 489 442 550 notas
465 485 513 549 sui
535 485 671 568 prodit“.
716 483 821 566 Atque
845 485 920 566 quid
943 484 1127 567 Propertius
1150 484 1217 566 ipse
1237 485 1274 548 de

178 628 284 670 amore
305 604 469 687 repudiato
492 603 636 682 senserit,
658 603 734 667 licet
757 625 947 686 cognoscere
971 626 1009 667 cx
1032 602 1063 666 H
1086 605 1135 682 16,
1156 604 1196 667 35
1212 626 1273 684 sq.:

279 740 449 826 Apudeut
472 747 561 820 certe,
580 740 723 823 pudeat!
742 742 808 803 nisi
828 740 922 821 forte,
945 741 1029 824 quod
1052 742 1155 821 (ricini,

334 860 453 942 Turpis
475 879 565 923 arnor
587 858 697 923 surdis
719 859 852 922 uteribus
875 880 939 923 esse
962 860 1039 922 solet

179 1001 211 1061 et
232 994 279 1059 lll
301 997 351 1074 21,
375 996 415 1058 33
438 997 527 1079 turpi
547 994 674 1077 fructus
697 1015 813 1058 umore.

279 1112 431 1177 Similiter
462 1110 591 1177 Ovidius
622 1111 706 1194 (Am.
734 1110 790 1192 ΠΙ,
815 1112 867 1194 11)
899 1112 1008 1191 amori,
1041 1135 1103 1194 quo
1134 1113 1275 1177 irretitus

179 1232 327 1297 sustinuit
349 1231 412 1314 (vv.
436 1232 455 1294 9
477 1231 538 1313 sq.)

582 1367 707 1449 foribus
730 1375 793 1431 turn
817 1388 899 1450 seepe
921 1367 1069 1450 repulsus

290 1484 295 1495 '
381 1485 559 1570 bipertitum
582 1486 665 1549 duro
688 1507 804 1570 ponere
827 1507 942 1570 corpus
965 1485 1069 1568 brento,

180 1621 352 1686 succlamat
375 1621 417 1703 (v.
441 1620 487 1703 2):

384 1757 463 1821 Cede
482 1758 623 1842 futipuio
641 1764 777 1840 pectore,
801 1758 907 1840 turpis
930 1778 1028 1821 clrior.

281 1892 417 1957 Proinde
440 1916 478 1957 ne
502 1893 625 1957 dubites
648 1893 791 1957 codicum
812 1893 982 1982 lectionem
1003 1893 1118 1956 iniuria
1140 1898 1278 1974 spretam

181 2035 343 2094 repollere-

282 2236 301 2297 1
322 2237 369 2312 17,
391 2236 484 2296 1-4.

334 2368 375 2432 iit
397 2371 519 2450 merito,
542 2370 692 2454 quonium
711 2370 805 2452 potui
826 2368 949 2452 fupisse
966 2369 1121 2451 puellam,

385 2487 480 2551 Nunc
503 2509 557 2570 epo
580 2488 721 2551 desertus
744 2487 890 2571 alloquor
913 2487 1075 2570 alcyones

336 2605 401 2670 Nec
422 2607 502 2669 inibi
527 2605 677 2690 Cassiope
700 2607 791 2670 solito
814 2607 924 2669 cisterc
949 2608 1105 2686 carinam,

388 2725 563 2810 Omniaque
586 2727 714 2809 inproto
738 2725 830 2788 litore
853 2731 924 2787 notu
949 2725 1076 2788 cudunt.

285 2858 401 2924 Omnes
423 2861 489 2925 fere
513 2861 660 2940 editores
683 2861 782 2925 futuri
804 2859 957 2941 temporis
976 2860 1080 2923 formu
1094 2861 1208 2939 cisen-i,
1224 2863 1285 2927 nisi

183 2980 286 3059 fallor,
309 2980 398 3059 moti,
422 2979 594 3062 Cassiopen
617 2981 654 3044 de
678 2978 827 3061 oppidulo
852 2978 986 3060 quodam
1007 2978 1099 3060 Epiri
1115 2980 1284 3062 accipiunt.

184 3098 393 3182 ineptissime,
417 3101 443 3162 si
467 3099 593 3180 quidem
608 3099 700 3162 solito
717 3100 844 3161 servant
856 3096 876 3175 ¹,
893 3097 983 3178 quasi
998 3096 1182 3180 Propertius
1199 3100 1283 3164 sole-

185 3223 234 3282 ret
256 3219 289 3281 in
309 3218 359 3282 his
382 3217 564 3299 regionibus
579 3217 738 3298 navigare.
770 3215 839 3280 Neo
855 3216 954 3280 multo
970 3216 1134 3281 meliorem
1150 3219 1287 3283 reddunt

186 3335 375 3417 sententium
406 3336 606 3413 coniecturae,
638 3357 708 3416 quoe
734 3334 867 3416 prolstae
895 3339 978 3414 sunt,
1008 3335 1094 3400 velut
1121 3337 1285 3416 wildorff,

291 3505 299 3536 ¹
318 3511 434 3556 Kvisosr.
453 3507 538 3563 (solito
558 3526 589 3546 :³
608 3522 639 3554 ex
657 3506 751 3567 solito),
770 3507 955 3569 Ku1i‚Psnsr,
974 3509 1192 3557 Hunos-Vinius.

290 3589 300 3620 ²
318 3597 523 3651 Wrrrsnnncuu,
542 3606 593 3651 qus
612 3596 715 3652 arrepta
733 3593 886 3638 Hrnrzsrsc
905 3593 995 3639 scribit
1011 3593 1208 3653 (r.111p.64]:
1231 3595 1287 3641 “ln-

187 3682 321 3740 geniosam
345 3681 544 3728 Wrrrunuscun
567 3678 741 3724 coniecturum
764 3677 880 3738 recipere
906 3692 955 3723 non
979 3678 1103 3739 dubitavi,
1122 3693 1201 3738 quem
1220 3681 1286 3728 Bibl.

188 3767 243 3812 crit.
271 3765 387 3810 Amstcll.
405 3763 440 3822 ΙΙ,
459 3764 481 3823 2,
500 3777 524 3822 p.
545 3764 576 3808 10
600 3761 744 3821 proposuit.
780 3761 833 3808 Nec
860 3763 936 3808 oredo
963 3762 1158 3823 Lucrrnnnnun,
1187 3765 1209 3810 si
1228 3780 1286 3812 eum

188 3850 345 3909 rescivisset,
359 3829 440 3895 fuisse
453 3846 656 3893 dubitaturum.“
688 3847 743 3902 Qus
756 3847 787 3892 de
801 3860 828 3893 re
842 3847 941 3893 fallitur
953 3847 1169 3904 diligentissimus
1183 3850 1226 3896 illc
1240 3852 1287 3912 vir,

188 3948 248 3980 num
268 3934 364 3980 diserto
383 3933 453 3992 opud
472 3931 657 3978 Licnulnnvn
676 3931 828 3978 adnotatum
847 3935 899 3979 est:
920 3930 990 3977 “Isis
1007 3932 1173 3979 incommode
1186 3949 1217 3980 ne
1231 3950 1286 3981 cor-

188 4023 319 4066 rectorum
347 4018 451 4077 quidem
479 4017 549 4062 ullus
567 4016 659 4062 vituvit
676 4019 769 4075 prieter
787 4017 871 4063 virum
890 4017 995 4062 doctum
1014 4017 1039 4061 in
1058 4017 1219 4065 Bibliotheca
1239 4023 1287 4066 cri-

189 4105 240 4151 tico
257 4103 292 4164 11,
311 4104 333 4150 2.
353 4115 411 4162 pag.
432 4103 471 4148 io.
491 4103 634 4148 tentantem
652 4114 777 4160 reponere
791 4101 901 4147 solidsm
915 4101 1002 4146 visure
1015 4101 1129 4147 cerinum
1143 4106 1194 4160 est3
1209 4107 1287 4151 modo

189 4202 221 4236 ne
249 4187 400 4235 cerinum
428 4187 511 4233 otioso
535 4185 649 4246 epitheto
669 4188 799 4244 ornasset3
817 4199 878 4232 nem
896 4188 925 4232 ut
943 4185 1091 4232 solidum
1110 4186 1287 4245 intelligemus
