2924 4950
1072 355 1110 412 29

11 592 22 601 ,
76 519 131 584 loeo
160 521 422 602 proficiscendum
445 523 568 587 videtur
591 525 630 587 ad
654 545 758 588 veram
782 522 953 586 lectionem
975 523 1153 587 eruendam.

75 639 111 702 Ao
129 661 166 703 ne
186 639 304 704 multus
320 640 389 720 sim,
404 641 468 706 iam
481 642 641 724 proferam
656 642 918 722 emendationem,
935 664 1030 724 quam
1045 642 1155 706 videor

14 838 20 848 ι
75 757 138 822 nihi
157 758 338 842 indagasse:

210 896 265 960 Sic
286 917 340 980 epo
363 904 428 960 tora
450 899 555 960 soracti
578 898 680 962 cultor
702 898 837 961 delodor
859 899 989 961 orneris.

156 1029 191 1095 Si
216 1031 329 1096 ultima
354 1032 442 1096 voeis
469 1034 571 1096 cultor
593 1038 625 1097 et
646 1033 749 1116 prima
771 1033 860 1097 verbi
883 1033 1017 1096 detrudor
1037 1031 1154 1096 lietera

74 1170 163 1214 errore
186 1151 293 1215 sedem
315 1155 529 1216 mutaverant:
553 1152 800 1233 eattodretudor,
822 1152 874 1216 via
895 1173 960 1215 non
980 1150 1042 1215 fuit
1059 1150 1156 1232 longa

74 1269 104 1332 ad
128 1268 201 1332 libri
225 1267 259 1333 N
285 1269 552 1335 custodiremus.
598 1270 783 1336 Ceterorum
814 1271 958 1335 codicum
990 1269 1155 1351 scripturae

72 1409 117 1469 per
144 1388 422 1470 interpolationem
455 1390 520 1453 iam
552 1391 685 1473 amplius
718 1412 895 1474 progressae
929 1391 1002 1454 sunt
1029 1409 1154 1452 avero.

71 1506 172 1571 Raetor
200 1508 327 1572 videtur
349 1530 365 1572 e
387 1507 571 1591 reelffiadJor
602 1515 786 1592 corruptum
816 1509 915 1573 oeulis
941 1508 1064 1572 librarii
1086 1531 1105 1571 a
1128 1509 1155 1570 ol

70 1627 102 1690 ad
122 1627 142 1690 d
162 1627 383 1692 aberrantibus
393 1626 415 1692 ¹.

68 1735 166 1810 Verbo
189 1747 324 1811 detrudor
345 1745 529 1830 Propertius
552 1748 651 1812 utitur
673 1747 769 1812 etiam
790 1745 822 1811 ΙΙ
845 1748 894 1827 15,
917 1748 971 1810 31:

212 1883 314 1948 Terra
334 1886 429 1968 prius
448 1884 534 1967 falso
552 1891 654 1969 porta
677 1884 803 1948 deludet
825 1891 965 1948 orontes.

156 2017 263 2101 Atque
285 2024 321 2084 ut
341 2019 387 2083 ibi
410 2021 464 2101 qui
485 2021 604 2084 terram
627 2020 734 2085 colunt
756 2021 862 2084 fruotu
884 2024 1027 2084 carentes
1046 2019 1156 2083 deividi

59 2137 215 2218 dicuntur,
237 2139 283 2202 ita
304 2139 357 2203 hie
372 2139 565 2222 Propertius,
582 2140 635 2222 qui
651 2162 791 2203 amorem
806 2138 952 2221 Cynthiae
967 2143 1034 2202 tam
1048 2142 1156 2201 sancte

56 2256 165 2336 coluit,
188 2278 221 2320 se
244 2257 354 2322 deludi
376 2258 430 2338 ait,
454 2259 527 2340 quia
544 2259 650 2324 fructu
665 2260 781 2324 amoris
797 2258 859 2341 (efr
876 2256 923 2321 ΙΙΙ
938 2258 988 2345 20,
1004 2258 1059 2320 3οι
1074 2277 1156 2320 sem-

50 2397 114 2459 per
140 2381 233 2456 omet,
254 2375 365 2458 fractu
387 2398 509 2461 seraper
532 2380 652 2442 amoris
675 2377 779 2462 equas)
803 2381 903 2440 caret:
925 2375 1051 2460 prosilit
1073 2375 1157 2438 enim

54 2493 195 2577 Cynthia
225 2493 313 2557 savia
341 2499 445 2577 poetae
476 2497 666 2578 propellens,
692 2500 865 2580 posteaque
897 2495 926 2558 ei
948 2516 1005 2577 per
1026 2493 1156 2574 longum

53 2618 183 2696 tempus
205 2612 325 2677 aditum
347 2619 452 2696 negat.
498 2614 552 2679 cfr
574 2617 670 2680 etiam
693 2613 750 2680 Or.
773 2613 845 2679 Am.
868 2611 899 2676 ΙΙ
923 2614 972 2692 19,
996 2613 1051 2675 33:

212 2747 249 2812 si
270 2770 334 2834 quo
355 2751 436 2814 solet
456 2772 593 2836 reparare
616 2753 683 2833 diu,
707 2751 838 2814 delardot
860 2756 1028 2814 αππαπίππ.

160 3027 198 3088 11
219 3029 272 3104 aa,
296 3028 431 3090 21-24.

163 3159 225 3223 Sed
246 3160 284 3224 de
306 3181 354 3224 rae
376 3162 483 3224 naiores
506 3166 566 3223 eat:
586 3158 683 3240 foraoe
706 3159 833 3220 iacturu-
852 3156 982 3239 perdicca

214 3278 319 3343 Tanta
341 3278 400 3343 tibi
420 3280 555 3360 misereo,
578 3283 699 3362 prioratu
720 3281 867 3356 meretur,
891 3276 961 3337 erit.

163 3395 274 3482 Nuper
296 3399 378 3462 enirn
402 3398 440 3462 de
463 3405 492 3460 te
514 3393 718 3478 aestro(a)
742 3415 795 3458 me
818 3391 919 3456 ledit
941 3391 984 3454 od
1007 3411 1101 3454 orares

210 3517 332 3581 Βππποπ
354 3524 383 3581 et
405 3519 440 3581 ia
463 3524 528 3581 toto
551 3514 736 3580 ornithonas
758 3511 834 3576 arde
854 3509 931 3592 fait.

160 3651 297 3717 Versum
329 3655 370 3717 23
401 3675 469 3718 esse
503 3655 685 3734 corruptum
717 3648 781 3711 iam
814 3641 945 3710 omnes²
979 3643 1156 3707 consentire

53 3771 216 3835 videntur.
260 3771 359 3837 Cruee
380 3777 507 3837 notatus
531 3770 633 3834 estin
656 3769 724 3833 edd.
746 3765 783 3830 L.
805 3765 944 3828 Muniam
966 3767 998 3826 et
1012 3762 1157 3825 Hunoru-

52 3910 260 3922 ——-

165 3975 316 4028 ¹Italornm
343 3983 449 4025 reiector
475 3987 515 4024 eet
542 3978 690 4023 coniectura
715 3985 762 4032 pro
789 3977 878 4027 rector,
906 3981 999 4028 neque,
1022 3969 1052 4013 ut
1076 3968 1157 4012 eredit

53 4067 184 4115 SOLBISKY
203 4066 228 4120 (l.
246 4066 282 4126 1.J,
299 4071 382 4110 rector
399 4078 413 4110 e
431 4067 538 4109 reiecta·
556 4063 714 4120 corruptum.

164 4143 373 4196 'Recentiorum
391 4149 463 4194 solus
480 4149 634 4193 Hnnrzanno
652 4141 767 4189 defendit
784 4137 905 4199 phrasin:
923 4151 1012 4183 rucrnor
1030 4138 1059 4182 de
1077 4143 1099 4182 te
1111 4152 1156 4182 ππ·
1200 4197 1202 4201 Ι

47 4251 103 4298 per
122 4234 172 4294 (so.
190 4233 297 4292 relatus)
316 4236 350 4281 ad
368 4249 443 4282 arares
461 4237 565 4278 nostrae
582 4244 620 4276 me
635 4229 709 4275 laedit.
