2924 4950
221 270 261 326 20

177 436 271 499 berc
300 432 416 516 cedit),
446 455 486 496 ne
508 432 534 496 is
558 432 695 514 quidem,
719 430 772 512 qui
794 435 972 496 matronam
994 434 1090 509 amat,
1112 429 1195 494 liber
1217 432 1272 493 est.

179 553 293 618 Omnia
315 552 400 616 enim
420 552 477 615 illa
497 552 697 616 incommoda
719 551 861 635 perferre
888 551 1023 633 cogitur,
1047 571 1118 632 quae
1141 573 1192 615 vv.
1215 550 1273 613 3-

181 675 220 737 10
243 677 275 736 et
299 672 422 736 17—20
445 669 630 753 Propertius
652 670 766 734 festive
789 670 929 752 exponit.

279 790 398 855 Durior
425 790 491 854 eius
513 790 598 853 modi
620 789 847 854 vocabulorum
869 789 1024 854 detractio
1048 792 1096 853 est
1118 787 1277 869 Propertii

179 912 318 995 propria.
363 909 445 974 Vide
467 909 666 988 Hermanno,
689 909 752 973 vol.
774 908 791 972 Ι
811 933 863 992 pp.
881 910 942 972 123
960 931 1006 990 sq.
1023 912 1055 973 et
1069 930 1166 991 supra
1180 931 1211 990 p.
1229 909 1276 971 12.

181 1029 236 1093 Otr
267 1030 363 1093 etiam
394 1028 542 1092 carminis
573 1028 735 1109 sequentis
757 1027 860 1109 prima
881 1027 992 1091 verba:
1016 1033 1051 1090 tu
1073 1027 1214 1111 loqueris
1235 1048 1276 1090 sc.

180 1149 284 1212 talia
305 1148 357 1213 vel
379 1149 422 1212 de
444 1147 517 1211 hac
540 1170 590 1212 re.
634 1147 678 1211 Et
701 1146 827 1210 obiecta
849 1146 976 1228 quidem
997 1119 1122 1209 videtur
1140 1144 1277 1227 Proper-

180 1268 243 1331 tius
274 1268 307 1330 in
338 1267 449 1350 primis
481 1267 634 1331 omisisse.
680 1265 735 1329 Cfr
766 1266 862 1330 etiam
888 1265 981 1329 huius
1004 1264 1153 1328 carminis
1176 1287 1205 1328 v.
1229 1263 1277 1326 16.

282 1474 319 1535 Π
341 1473 395 1550 24,
417 1474 528 1535 1—10.

287 1590 334 1653 Tu
357 1590 506 1674 loqueris,
530 1611 599 1653 curn
622 1591 667 1653 sis
689 1590 755 1652 iure
776 1596 849 1653 recto
869 1588 982 1671 fututa
1005 1587 1085 1650 libro

333 1708 374 1771 Et
397 1715 453 1772 too
475 1711 518 1772 sit
539 1715 601 1772 toto
627 1707 764 1790 Cynthio
788 1707 866 1771 lecto
887 1705 981 1790 foro?

286 1825 345 1890 Oui
367 1847 430 1889 riori
453 1827 628 1890 dissertis
651 1833 800 1910 osperpot
822 1833 964 1909 temporo
986 1823 1106 1888 sudor?

332 1946 400 2008 Aac
416 1945 527 2028 pudor
549 1946 707 2030 inpertitus
729 1951 785 2008 oct
807 1944 988 2008 reticendus
1010 1964 1109 2007 ortior.

247 2083 259 2125 5
289 2063 379 2143 Quod
401 2065 430 2126 si
452 2070 517 2126 torri
537 2063 650 2144 fecitis
672 2065 813 2147 spiraret
837 2062 974 2147 Cynthio
996 2061 1096 2142 cobis,

336 2181 409 2245 Noc
432 2203 486 2265 epo
508 2184 657 2267 nepertia
681 2182 804 2246 dicerer
826 2202 891 2246 esse
914 2187 1019 2264 caput,

287 2299 353 2363 Nec
375 2301 423 2363 sic
439 2322 501 2384 per
523 2307 620 2364 totoue
642 2299 777 2382 infueris
800 2298 1125 2378 crotoniensem,

340 2418 451 2482 Vreret
474 2427 502 2482 et
524 2420 668 2503 qicornois
691 2420 816 2482 raeccine
838 2417 932 2481 certo
954 2417 1073 2481 dorem.

287 2538 392 2616 Quare
414 2558 452 2600 rie
475 2537 533 2600 tibi
555 2540 597 2600 sit
619 2539 736 2600 mirina
758 2558 806 2606 cre
828 2557 967 2622 pccoerere
989 2536 1083 2600 cites:

226 2676 261 2719 10
337 2655 476 2718 Porcius
498 2654 676 2736 inferrent:
697 2677 775 2719 aare
796 2655 854 2719 tidi
877 2676 975 2718 cereso
997 2654 1097 2717 teris?

285 2790 328 2855 Hi
356 2813 466 2855 versus
488 2791 603 2855 misere
626 2795 781 2855 vexarunt
802 2790 1002 2872 interpretes
1024 2811 1082 2852 nec
1105 2790 1284 2867 defuerunt,

186 2909 239 2990 qui
271 2910 310 2973 ad
339 2910 595 2991 interpolationis
625 2910 782 2974 rationem
812 2905 1051 2990 confugerent¹.
1096 2906 1156 2983 Qui
1178 2911 1285 2971 autem

185 3027 387 3110 Propertium
419 3050 473 3092 cos
504 3027 668 3110 scripsisse
698 3031 859 3109 putarunt,
881 3027 915 3090 in
937 3048 1030 3090 versu
1052 3030 1176 3108 quarto,
1199 3025 1284 3089 haud

186 3145 279 3209 dubie
310 3150 470 3228 corrupt0‚
502 3145 697 3209 emendando
729 3149 761 3209 et
791 3145 977 3227 explicando
1008 3144 1136 3222 frustra,
1159 3143 1186 3207 si
1210 3143 1285 3224 quid

186 3263 288 3343 viden,
319 3265 479 3329 sudarunt.
524 3263 587 3328 Sed
618 3287 705 3328 meas
734 3264 907 3328 sententias
930 3285 1096 3346 exponam,
1120 3261 1287 3343 opiniones

186 3381 313 3445 illorum
335 3383 471 3447 strictim
493 3405 753 3448 commemorans.

286 3500 427 3564 Primum
461 3506 509 3565 est
541 3502 743 3585 perspicuum
781 3501 886 3565 verbis
924 3500 1161 3564 reticendus
1195 3520 1288 3563 ortior

188 3618 304 3700 respici
327 3641 364 3682 ea
386 3641 457 3700 quae
481 3620 670 3684 antecedunt
692 3620 831 3704 loqueris
853 3619 957 3682 ethis
979 3618 1091 3700 cerdis,
1114 3620 1209 3698 atque
1226 3617 1291 3682 hoc

87 3736 89 3740 ’
186 3759 270 3801 nexu
294 3741 325 3800 et
349 3738 527 3802 defenditur
548 3737 669 3802 lecti02
692 3742 723 3801 et
740 3737 918 3801 illustratur
933 3735 1099 3800 sententia.
1136 3733 1289 3799 Reticen-

290 3874 298 3904 ¹
319 3879 467 3924 Lacuusuu
485 3891 509 3948 v.
528 3879 552 3937 4,
570 3877 718 3922 Harnnsrcu
740 3879 767 3922 et
789 3877 888 3922 Pnnssrs
907 3875 1013 3931 (Etudes
1033 3874 1088 3934 crit.
1107 3889 1132 3934 p.
1153 3876 1200 3920 136
1220 3875 1287 3933 sqq.)

186 3977 227 4010 vv.
248 3966 311 4010 1-8
330 3963 500 4022 interpolatos
519 3964 634 4008 censent.

289 4042 300 4073 ²
318 4049 395 4094 'Haut
419 4047 575 4093 reticendus’
593 4047 691 4107 Hicin,
709 4046 735 4091 id
753 4046 822 4104 quod
840 4043 966 4104 pervertit
983 4044 1148 4104 sententiam,
1167 4044 1288 4089 ’retinen-

187 4133 244 4180 dus’
262 4132 391 4179 Bituricus.
