2924 4950
1181 355 1216 411 11

138 520 142 615 J
181 541 239 582 nem
266 524 388 584 tantum
420 520 578 603 designari
608 521 852 604 Hippodamiee'‚
883 543 947 586 non
977 521 1052 586 lieet
1083 543 1137 585 eos
1165 521 1260 584 intel-

180 638 279 720 legere.
321 638 406 703 Nam
439 632 517 703 illud
547 639 654 721 fertur
685 663 749 705 non
780 645 887 723 potest
921 640 1064 704 adhiberi
1091 640 1152 704 nisi
1175 644 1262 704 certa

182 758 298 839 quadam
327 780 362 822 re
390 757 536 822 fabulosa
568 763 722 841 respecta.
767 758 914 823 Ceterum
946 763 1012 823 tum
1044 763 1130 823 totus
1153 781 1261 823 versus

183 875 347 940 undecimus
370 880 454 940 esset
476 875 606 940 otiosus.

266 1133 357 1210 119,
379 1135 470 1196 1-2.

266 1267 329 1330 Iste
351 1267 436 1352 qood
458 1273 512 1349 est,
536 1289 589 1352 eqo
613 1289 695 1352 sepe
716 1267 784 1350 feee':
806 1268 861 1331 sed
881 1267 952 1349 fors
975 1275 1003 1331 et
1026 1270 1060 1332 e‘ee
1083 1268 1163 1330 doro
1238 1256 1241 1263 ’

314 1387 385 1449 Hoe
407 1388 477 1470 ipso
500 1388 595 1450 eiecto
619 1389 726 1451 carior
748 1387 830 1450 oltee·
853 1388 922 1449 erit.

267 1522 373 1586 Eeeeeo
396 1525 444 1586 est
467 1521 583 1586 codicis
605 1522 635 1586 D
657 1522 762 1600 lectio
786 1526 818 1586 et
840 1522 885 1585 sie
908 1544 1016 1586 omnes
1032 1523 1169 1586 editores
1185 1523 1264 1586 seri-

184 1645 304 1721 pserunt.
348 1639 392 1704 At
422 1641 575 1704 maiorem
597 1641 693 1704 fidem
713 1641 811 1704 habet
833 1641 989 1722 scriptura
1011 1642 1115 1717 electe,
1140 1664 1209 1724 quae
1232 1642 1266 1705 in
1370 1717 1375 1725 Ι

184 1755 258 1822 er
287 1759 454 1838 invenitur,
486 1782 588 1842 neque
620 1759 809 1824 deteriorem
830 1759 934 1823 reddit
955 1759 1155 1824 sententiam.
1199 1760 1265 1825 Ve-

185 1874 342 1941 hementius
375 1877 502 1959 quidem
536 1877 658 1942 'eiecto'
692 1881 749 1956 est,
777 1877 832 1940 sed
862 1899 932 1941 oum
960 1877 1107 1941 irrisione
1130 1879 1266 1960 quadam

130 1994 133 2041 Ψ
186 1991 234 2075 (etr
252 2019 278 2060 v.
301 1994 355 2076 24)
378 1996 455 2059 satis
476 1996 558 2060 bene
581 1996 750 2061 diceretur:
775 1996 871 2060 ’mox
898 1996 1003 2059 alter
1031 1996 1165 2061 carior
1188 1997 1267 2062 erit

186 2133 281 2192 quem
309 2113 375 2177 hie
397 2113 494 2196 ipse,
517 2137 630 2196 quem
651 2114 729 2179 tibi
751 2136 834 2178 nunc
857 2113 1054 2178 carissimum
1077 2114 1266 2196 elegisti'.

130 2228 623 2315 'fflffifflfflffiw

779 2352 829 2416 Ex
852 2351 995 2415 omnibus
1017 2372 1117 2414 enom

319 2472 420 2555 Etiye,
445 2471 589 2554 Myrrha,
613 2473 727 2535 etrum.

268 2606 330 2671 Pro
358 2609 453 2670 eiecto
485 2609 590 2670 autem
620 2606 726 2688 potius
759 2606 992 2688 exspectaveris
1015 2605 1174 2684 'excluso',
1198 2628 1270 2670 eum

181 2723 291 2789 ’eicere'
313 2726 457 2790 videatur
480 2725 542 2789 diei
564 2725 602 2788 de
624 2746 722 2788 uxore
744 2724 938 2807 repudianda
958 2724 1029 2789 coll.
1050 2724 1144 2789 huius
1165 2728 1268 2807 poetae

178 2841 207 2906 ΙΙ
228 2845 274 2924 21,
299 2845 335 2908 11
360 2867 422 2927 sq.:

272 2980 422 3045 Colchide
444 2982 491 3044 se‘e
512 2981 624 3064 hospes
647 2980 807 3065 quondam
829 2980 952 3063 decepit
974 2979 1090 3044 Ioseee:

320 3099 431 3164 Eieeto
453 3106 508 3181 est,
531 3101 634 3163 tenuit
655 3120 790 3183 ooenqeee
815 3098 944 3176 Creusa,
969 3098 1059 3161 domo
1072 3096 1092 3161 ¹.

270 3340 308 3402 II
329 3341 380 3417 16,
402 3340 539 3402 19-28.

271 3475 375 3559 Atque
396 3475 522 3537 utinam
544 3473 653 3537 Rome
675 3494 764 3536 nemo
788 3479 867 3535 esset
889 3472 978 3535 dives
1001 3478 1029 3534 et
1051 3472 1120 3554 ipse

214 3612 249 3655 eo
317 3574 501 3657 Stramieeo
518 3599 627 3676 posset
650 3592 716 3655 due
738 3591 882 3654 lecebitore
905 3591 1000 3653 ceso!

274 3711 456 3796 Numquam
478 3711 604 3775 venales
626 3718 728 3775 essent
750 3710 794 3774 ed
815 3730 931 3773 munus
954 3710 1064 3771 oenieoe

323 3831 427 3916 Atque
448 3853 515 3894 eno
535 3829 625 3913 fieret
648 3851 729 3893 eona
745 3829 858 3913 puello
881 3828 981 3891 dooeo,

275 3948 349 4013 Non
371 3952 448 4036 quie
470 3957 616 4034 septenos
638 3955 743 4012 noctes
765 3949 909 4011 seiuncta
933 3945 1069 4024 roboris,

327 4068 476 4133 Candido
499 4075 564 4132 tom
584 4067 679 4150 foedo
701 4065 850 4130 broeelee'a
871 4066 949 4148 ferse
971 4065 1050 4144 viro,

280 4237 287 4267 ¹
306 4241 350 4289 Ofr
367 4242 506 4302 Rossoroo,
524 4239 665 4288 Lucubret.
684 4240 760 4300 Prop.
779 4251 803 4299 p.
823 4239 863 4285 83.
