2924 4950
1218 370 1234 424 5

186 533 309 598 Gallum
340 535 522 598 diffamante
554 533 624 596 coll.
647 531 662 596 Ι
684 534 714 611 4,
737 535 787 611 22,
810 531 841 596 Π
863 534 913 612 24,
937 535 965 597 7.
1010 532 1043 597 si
1070 557 1144 598 vero
1167 535 1278 600 volunt

184 653 317 734 cogitari
348 651 551 734 'Cyntlriae'
583 650 670 733 (nam
695 651 775 715 nihil
804 652 881 716 certi
905 674 921 715 e
944 653 1177 717 commentariis
1201 675 1277 717 con-

184 773 306 836 cludere
337 771 436 851 lieet),
467 793 531 834 non
553 771 655 835 minus
677 772 802 852 ineptus
825 773 862 835 fit
884 794 1021 837 conexus
1043 772 1099 836 illa
1120 773 1277 854 interpre-

182 893 311 970 tatione,
344 914 414 956 ouni
444 891 507 954 iam
539 915 567 955 v.
600 892 619 954 9
651 890 758 955 Gallus
790 892 830 954 nd
852 890 996 973 Cynthiae
1020 891 1278 956 consuetudinem

183 1011 345 1088 admissus
380 1032 560 1092 quanquam
592 1032 656 1073 non
688 1032 760 1073 raro
794 1010 948 1088 exclusus
982 1011 1129 1092 fingatur.
1176 1009 1277 1091 Equi-

182 1130 252 1192 dem
274 1130 408 1212 oestiqiu
436 1135 498 1191 tuo
521 1130 620 1212 culpoe
643 1128 763 1210 accipio
787 1128 977 1209 'vestigia
1002 1132 1078 1192 tuse
1102 1128 1277 1192 alicuius

183 1247 317 1329 eulpae'
341 1246 392 1310 vel
415 1247 605 1328 ’vestigia
626 1250 663 1310 te
686 1248 887 1328 peccasse'
911 1247 943 1311 vi
966 1247 1101 1328 quedam
1122 1247 1193 1310 voci
1216 1254 1277 1310 ture

181 1365 325 1448 Cynthiae
348 1365 503 1447 oppositae
527 1364 641 1428 addita.
687 1364 741 1428 cfr
762 1363 809 1428 Ill
831 1367 860 1443 8,
883 1367 923 1428 24
944 1367 1009 1429 sice
1024 1367 1109 1429 meus
1125 1366 1277 1429 lacrimas

180 1488 246 1549 sice
268 1486 374 1548 uidere
397 1491 479 1564 tuus,
501 1481 548 1546 IV
573 1484 621 1562 ll,
644 1485 694 1546 42.
734 1484 835 1568 Oiulpo
856 1507 930 1548 vero
950 1489 998 1548 est
1021 1484 1276 1548 'infidelitas'

180 1604 232 1667 vel
255 1602 514 1666 'consuetudo
542 1624 624 1666 cum
646 1601 740 1665 aliis
763 1601 914 1683 puellis
936 1602 1098 1682 habita',
1122 1603 1209 1667 velut
1230 1601 1277 1667 IV

180 1723 209 1800 8,
234 1723 274 1786 73
297 1722 446 1785 uduuissce
468 1723 498 1785 si
521 1723 569 1785 uis
592 1742 638 1784 rue
661 1723 821 1804 iquoseere
844 1722 954 1805 eiilpoe,
978 1720 1044 1785 cac.
1064 1723 1114 1800 68,
1132 1723 1192 1786 138
1207 1745 1276 1803 sqq.

179 1862 262 1924 sepe
294 1842 390 1904 etium
421 1841 513 1920 lituo,
547 1841 688 1903 ruuniruu
721 1840 902 1921 celicoluoc,
938 1840 1090 1923 Couiuqis
1119 1843 1154 1905 iu
1183 1843 1277 1926 culpo

177 1959 371 2044 fluqroutuu
402 1962 540 2024 eontinet
568 1961 658 2039 irum,
685 1959 826 2023 Nosceus
849 1961 999 2022 omnivoli
1016 1960 1164 2042 piissimo
1184 1960 1277 2041 fruto

180 2079 277 2157 Iouis,
301 2077 358 2144 Or.
381 2077 420 2142 A.
445 2101 472 2141 a.
495 2076 527 2141 Π
549 2079 620 2156 389,
643 2077 703 2159 Ep.
726 2076 788 2140 XV
810 2075 913 2158 (XVI)
937 2078 1008 2140 286.

281 2195 332 2260 Ad
353 2197 454 2279 ipsam
476 2217 543 2258 rem
566 2195 613 2258 cfr
636 2194 732 2258 etiam
753 2192 800 2258 Ill
823 2195 872 2272 16,
896 2195 929 2257 9:
952 2227 956 2237 v

283 2333 455 2395 Peceurcui
478 2331 571 2395 seruet
594 2337 622 2393 et
644 2336 743 2393 totum
765 2351 835 2394 siuu
853 2331 968 2414 pulsus
989 2331 1024 2393 iu
1048 2352 1177 2394 uuuiuu.

283 2607 301 2668 1
324 2607 355 2684 s,
377 2608 493 2668 s-ro.

286 2758 457 2822 Outiuuiu
479 2757 618 2820 biberuce
640 2754 846 2838 duplicentur
868 2761 1010 2839 temporo
1033 2755 1160 2837 luuueee,

224 2899 258 2940 10
333 2877 375 2941 Et
398 2879 440 2940 sit
463 2879 550 2940 iuers
572 2874 677 2939 turdis
699 2875 810 2938 uocitu
834 2874 996 2958 Verqiliis,

285 2997 351 3061 Nec
372 2996 431 3059 tibi
457 2995 624 3080 Tyrrheno
646 2994 789 3058 soluetur
809 2993 902 3076 funis
923 2993 1056 3075 borenc,

335 3114 418 3178 Nece
441 3114 574 3177 inimico
598 3134 683 3177 meos
706 3114 800 3176 eleuet
822 3133 906 3175 curu
926 3132 1044 3195 preces,

284 3236 387 3318 Atque
409 3254 463 3317 eqo
485 3254 550 3297 ooo
573 3232 698 3296 uideam
721 3232 800 3296 tobes
822 3231 983 3295 subsidere
1007 3237 1124 3312 uentos,

335 3352 413 3416 Cuui
435 3351 493 3415 tibi
509 3359 678 3435 prouectus
701 3349 826 3433 uuseret
847 3350 936 3414 recido
959 3356 1053 3429 rates,

224 3494 257 3536 15
283 3471 326 3535 Et
347 3491 395 3534 lue
417 3469 553 3551 defixum
579 3492 679 3534 uacuo
701 3472 848 3554 patiebur
870 3471 906 3532 iu
928 3490 985 3532 oro

335 3589 500 3653 Crudelem
522 3589 642 3672 infesto
665 3609 749 3672 supe
771 3609 882 3652 occure
905 3609 1012 3651 mauu.

282 3743 326 3806 Hi
355 3764 463 3806 versus
486 3764 594 3805 omnes
618 3741 754 3805 editores
778 3740 966 3819 cruciarunt,
990 3740 1045 3804 sed
1067 3737 1278 3821 supersedebo

180 3865 361 3928 commenta
392 3883 500 3925 eorum
521 3860 621 3924 fusius
643 3860 772 3924 referre.
816 3859 922 3923 Meam
942 3862 1066 3923 tantum
1088 3856 1279 3922 sententiam

179 3981 351 4066 proferam.

282 4097 395 4179 Neque
428 4097 506 4162 illud
536 4097 697 4162 subsidere
729 4097 824 4161 nexui
856 4097 1045 4179 respondere
1077 4117 1189 4160 censeo
1220 4117 1278 4158 nec

179 4220 277 4285 credo
309 4218 389 4281 tutes
420 4225 527 4282 uentos
554 4239 647 4300 posse
670 4216 751 4281 verti
775 4216 936 4294 'ventos
960 4215 1026 4298 qui
1047 4235 1150 4279 nunc
1171 4235 1277 4279 mare
