2924 4950
264 511 329 575 Aur
350 513 381 575 si
401 511 486 594 forte
507 513 596 575 irata
617 533 684 575 33333
706 513 749 576 311
769 511 860 594 faeta
882 513 1042 592 3313313133,

214 649 244 692 ro
319 630 359 693 Vr
381 633 463 695 33131
485 651 550 695 3333
573 632 682 713 aliam,
706 633 871 716 3313333131
895 652 959 696 3333
980 650 1059 694 men.

266 748 349 813 Nam
370 751 485 814 melius
506 749 569 813 31333
592 749 768 833 defenderat
790 751 971 814 3311333313
992 751 1111 831 nevira,

318 868 434 933 Tetios
456 877 485 933 31
503 871 646 954 9333313333
669 872 769 934 anxie
791 871 984 934 3331333111.

266 989 352 1070 ’3131
374 991 405 1052 si
427 1010 459 1052 33
480 989 574 1070 dure,
597 1009 695 1072 nepe:
715 991 768 1053 3133
791 1011 823 1054 33
845 1010 908 1053 33333
931 989 1025 1071 313333,
1048 989 1173 1053 venito!

318 1108 424 1188 Quid?
448 1107 543 1172 133331
566 1115 594 1172 31
616 1109 704 1172 nullo
722 1128 843 1192 ponere
864 1107 958 1172 33313
981 1108 1056 1172 1333.

214 1247 243 1288 33
267 1227 438 1291 Η133333333
460 1227 551 1291 dolor
573 1235 618 1291 est
640 1249 678 1292 33
700 1227 844 1292 omnibns
866 1248 940 1291 3333
962 1227 1096 1309 ornanti,

317 1345 471 1429 Speranti
492 1345 595 1410 subito
617 1348 647 1410 si
669 1368 730 1431 qua
754 1347 862 1410 3333133
884 1353 988 1430 nepot.

267 1479 382 1544 Totum
414 1480 507 1544 huius
539 1481 603 1545 loei
634 1504 750 1545 nexum
783 1481 829 1546 313
860 1481 1025 1563 intellege:
1060 1480 1155 1545 'Malo
1187 1482 1264 1546 duas

184 1598 287 1678 puellas
316 1599 434 1664 habere
458 1623 552 1682 quam
574 1623 678 1678 unam,
701 1623 775 1664 nam
796 1605 862 1666 tum
886 1623 1012 1683 semper
1034 1600 1167 1664 alteram
1188 1601 1265 1665 11331

184 1717 255 1782 adire
287 1725 319 1784 et
350 1721 509 1803 repulsam
540 1722 643 1786 minus
675 1721 783 1786 timeo'
817 1719 1001 1803 (35-42)1.
1047 1718 1144 1804 [Tum
1167 1721 1265 1785 verba

184 1837 241 1919 ipsa
271 1842 309 1905 ad
340 1842 480 1923 puellam
512 1842 597 1905 faeta
629 1842 770 1906 referens
803 1838 939 1924 pergit:]
974 1840 1087 1917 ’113333
1119 1862 1202 1922 nega
1231 1844 1264 1903 13

184 1964 336 2024 venturam
368 1960 419 2024 vel
451 1961 533 2040 veni,
568 1983 718 2042 aequum
756 1965 826 2040 est,
860 1960 1009 2042 quoniam
1042 1959 1174 2024 alteram
1206 1959 1265 2022 ha-

184 2073 254 2142 bebo
275 2077 375 2161 (43)2.
416 2077 518 2154 Quin
541 2079 661 2143 etiam
683 2079 898 2144 iucundum
921 2083 990 2157 331,
1013 2082 1266 2160 utrocunque

183 2197 281 2261 modo
308 2198 580 2280 responderit,
602 2197 642 2261 id
662 2198 815 2262 leviter
836 2198 946 2261 ferre
968 2219 1087 2280 posse
1110 2196 1187 2279 (44).
1231 2194 1268 2260 Id

184 2334 248 2379 vero
277 2316 368 2380 valde
399 2317 548 2381 acerbum
571 2321 628 2395 331,
651 2316 678 2380 31
700 2316 814 2398 puella,
836 2319 1044 2397 posteaquam
1065 2315 1211 2398 promisit
1233 2337 1267 2378 se

186 2452 243 2496 esse
266 2439 441 2514 venturam,
464 2458 534 2500 sero
557 2437 693 2515 demum,
716 2457 786 2500 eum
810 2435 909 2500 311333
930 2457 994 2499 333
1015 2434 1134 2516 poterit
1157 2434 1266 2498 adesse

187 2550 286 2634 iuberi,
307 2555 469 2619 renuntiat
491 2553 675 2637 (45—46)³.

271 2793 309 2854 11
331 2795 384 2872 33,
407 2795 519 2856 3-3.

273 2927 436 3011 1393333333
459 2930 627 3013 quisquam
649 2929 784 2992 alterius
806 2928 1016 2991 delectarere
1038 2948 1137 3008 33333,

330 3046 369 3108 Vr
386 3048 550 3130 promisse
572 3068 638 3110 33333
660 3047 753 3110 verba
775 3045 861 3128 feret
883 3047 1029 3126 3133313333,

237 3183 249 3224 5
275 3163 317 3226 Er
338 3167 453 3248 peterit
475 3167 588 3229 13113333
609 3166 767 3250 ’quterram
789 3186 873 3228 3333333
890 3166 1038 3248 porticus
1060 3163 1151 3226 11133333

325 3282 474 3366 Irrupit?
499 3291 527 3347 31
549 3283 669 3367 ’eernpo
693 3304 753 3367 quo
776 3289 875 3346 3333331
898 3283 955 3345 elle
976 3280 1117 3365 pedes?’,

181 3402 375 3412 ξ-

278 3453 462 3504 ¹Perridioule
488 3457 574 3502 Prurr
600 3456 696 3502 erravit
722 3469 813 3501 versus
841 3456 871 3500 41
892 3468 929 3514 sq.
949 3466 1093 3513 exponens:
1115 3451 1272 3498 “Another

181 3553 226 3587 was
245 3542 379 3602 supposed
401 3544 427 3586 to
445 3541 511 3586 heve
530 3554 602 3587 mors
621 3541 821 3586 33331333331]
840 3540 917 3599 child,
935 3540 1009 3584 when
1028 3538 1075 3584 she
1093 3538 1145 3583 had
1163 3537 1273 3595 several,

180 3627 237 3672 than
264 3627 305 3673 for
332 3640 364 3672 33
390 3627 450 3683 only
478 3626 555 3672 child.
590 3626 646 3671 rhe
665 3626 769 3686 opinion
787 3625 809 3670 is
829 3626 873 3669 not
891 3623 1033 3669 confirmed
1051 3623 1085 3680 by
1103 3623 1211 3668 modern
1229 3634 1273 3666 ex·

180 3711 319 3769 perienee“.
346 3712 435 3771 Neque
453 3712 503 3756 hoo
522 3711 625 3771 mirum,
645 3724 703 3756 eum
722 3709 872 3769 Propertius
891 3709 968 3767 plane
987 3708 1013 3752 in
1032 3707 1187 3753 contrariam
1205 3706 1274 3751 dieat

181 3797 339 3843 sententiam.
374 3796 419 3841 Olr
443 3796 605 3841 simillimum
624 3796 708 3841 Ovidii
725 3796 812 3840 locum
830 3795 859 3839 R.
879 3806 900 3839 a.
921 3793 1055 3838 441—464
1075 3790 1147 3847 (4633
1167 3792 1274 3836 Fortius

183 3884 391 3927 3333311133333133·
409 3882 536 3926 desiderat
555 3880 649 3938 33333333).

277 3960 346 4012 ²Sio
364 3969 434 4012 33313
452 3966 550 4026 Bnnru,
569 3966 685 4012 Vunmvn
702 3965 820 4023 laudans,
839 3967 865 4008 31
883 3964 976 4008 Pnnr.
1007 3962 1057 4008 Sed
1071 3961 1201 4019 quomodo
1214 3960 1275 4005 huie

183 4048 382 4110 interpretationi
400 4050 520 4095 convenit
537 4063 560 4095 v.
580 4052 620 4110 43,
638 4053 667 4095 31
685 4049 763 4106 vulgo
781 4048 892 4105 legitur?

278 4129 288 4160 ³
306 4135 351 4181 01⁴1·
370 4135 426 4181 Tib.
444 4134 458 4180 I
476 4137 499 4194 8,
519 4137 549 4180 63
569 4148 607 4192 sq.
630 4135 671 4179 Vel
693 4149 748 4178 enm
763 4134 902 4197 3333111111,
920 4132 1002 4177 subito
1021 4131 1065 4176 3331
1082 4131 1180 4190 perfida
1197 4131 1276 4188 follit,

186 4217 305 4265 1131331131
321 4233 373 4266 non
390 4220 478 4265 33331113
495 4219 639 4277 331ρί13333
657 4220 739 4264 erratis.

247 4317 272 4357 Β.
287 4317 415 4365 11131333·
428 4315 597 4356 Emendationes
611 4321 630 4354 et
644 4315 811 4364 explicationes.
1194 4300 1207 4344 2
