2924 4950
1191 362 1230 416 23

136 576 138 599 ,
195 529 256 593 licta
276 528 458 610 divulgante
470 527 490 607 ¹,
514 533 546 593 et
568 528 711 618 quamvis
733 527 790 591 illa
811 549 861 592 me
881 532 987 592 ureret
1002 549 1109 592 amore
1120 525 1141 605 ²,
1157 530 1273 606 tamen,

195 649 263 729 quod
294 648 333 711 ad
365 669 474 711 verum
508 647 573 711 eius
604 669 721 711 nomen
743 647 866 726 attinet,
891 669 999 711 omnes
1021 647 1165 711 fallerem
1188 644 1274 727 (nam

193 767 215 830 si
239 765 370 848 Cynthia
399 765 502 829 facilis
534 769 626 844 essct,
658 765 728 829 aliis
751 788 839 830 amor
861 769 1055 830 nosternon
1078 770 1272 847 argueretur,

136 900 138 931 ¹
192 886 258 948 unde
280 884 360 948 scire
382 888 522 966 possent,
546 906 715 966 quamnam
737 883 889 965 amarem)
900 883 921 948 ³.
956 883 1058 960 Quare
1073 884 1139 948 noli
1153 884 1273 962 mirari,

192 1004 286 1082 amice,
314 1026 365 1067 me
388 1025 530 1084 quaerere
552 1003 641 1067 viles
685 1003 815 1066 Etenim
836 1003 886 1067 hae
909 1002 1084 1067 meminus
1107 1003 1272 1081 infamant,

192 1123 252 1204 quia
273 1122 505 1200 commercium,
526 1124 609 1204 quod
625 1144 696 1186 cum
710 1122 749 1185 iis
764 1121 878 1200 habeo,
895 1144 958 1186 non
974 1122 1156 1204 divulgatur
1170 1143 1272 1203 neque

189 1240 338 1306 hominum
361 1242 469 1306 oculos
491 1242 524 1306 in
546 1264 579 1305 se
602 1241 768 1305 convertit.
811 1239 896 1304 Num
919 1241 989 1305 haec
1009 1263 1102 1305 causa
1118 1239 1178 1304 tibi
1192 1241 1272 1304 levis

190 1359 343 1424 videturi4

275 1618 312 1679 II
335 1618 388 1695 25,
409 1619 543 1679 21—34.

282 1751 328 1815 Tu
351 1773 480 1835 quoque,
503 1753 559 1835 qui
580 1753 673 1835 plcrrc
694 1752 801 1834 fustus
823 1753 968 1816 adsumis
991 1774 1106 1832 errrore,

329 1869 471 1949 Oretum,
494 1870 584 1933 oratic
608 1871 665 1933 diu
685 1871 809 1952 feretrio
826 1872 957 1955 pondus
978 1871 1078 1934 lrobct.

278 1989 329 2052 Au
352 1989 520 2072 quicquum
545 1991 577 2052 iu
600 1990 715 2052 inediis
735 1991 887 2073 persolvit
909 1997 980 2053 ootu
998 1990 1161 2074 procellis,

328 2105 404 2170 Oura
427 2128 509 2190 soepe
531 2109 566 2170 tu
588 2115 683 2191 portu
704 2108 812 2190 fractu
836 2112 950 2172 corioro
971 2115 1068 2189 nutet,

221 2245 252 2287 25
276 2225 342 2288 Aut
359 2227 456 2308 prius
480 2225 595 2308 infecto
619 2227 758 2310 deposcit
775 2229 914 2311 proemio
938 2248 1043 2306 curati,

327 2342 467 2427 Septimo
492 2366 585 2428 quum
607 2353 721 2407 ructum
744 2347 870 2408 triverit
892 2352 966 2407 (trite
989 2346 1082 2408 roto?

275 2461 445 2525 Meudcccc
467 2462 582 2525 luriunt
602 2463 701 2544 flotus
723 2465 758 2526 iu
780 2484 886 2526 errrore
908 2464 1049 2527 recitasti.

326 2580 365 2644 St
386 2601 448 2664 quo
474 2582 556 2643 uertit
579 2602 659 2660 scre,
681 2603 799 2666 crupta
821 2584 919 2645 rrtiuc
942 2585 1036 2646 uenit.

280 2699 327 2762 Tu
351 2705 456 2762 tomen
479 2701 611 2780 intereo,
635 2703 779 2784 quamuis
802 2708 830 2763 te
853 2701 970 2782 rtilipot
992 2703 1060 2783 illu,

278 2868 286 2898 ¹
304 2873 379 2918 oti-1
399 2874 421 2931 5,
440 2873 472 2917 25
491 2887 529 2932 sq.
549 2875 615 2931 quod
632 2875 656 2917 ei
672 2887 754 2930 parim
774 2880 823 2918 tuce
841 2875 941 2919 dederis
961 2877 1066 2932 restr‘pr'u
1085 2877 1172 2933 culpor,
1194 2877 1273 2932 eruru

183 2958 225 3001 cito
250 2959 277 3003 de
304 2963 375 3002 tanto
394 2960 492 3002 nornine
510 2972 625 3002 rumor
643 2961 694 3003 eric
712 2958 780 3012 (vide
799 2938 879 3016 supra
896 2972 939 3016 pp.
959 2961 974 3004 4
993 2959 1050 3017 aql,
1069 2960 1082 3003 I
1100 2962 1123 3013 4,
1144 2960 1173 3003 21
1193 2973 1231 3016 sq„
1251 2965 1273 3003 tc

182 3043 269 3087 circum
287 3056 370 3087 omnes
388 3044 455 3087 attius
474 3044 543 3087 irato
558 3044 658 3100 puellos
678 3044 790 3100 Differct.
819 3042 863 3087 Oli·
881 3043 959 3088 etium
978 3043 1004 3088 ΙΙ
1023 3045 1107 3102 23,17
1126 3045 1274 3101 differet

182 3125 227 3171 trec
252 3141 396 3186 nurrrquom.
433 3128 739 3173 P1·uete1·ecestomnino
759 3118 924 3184 eogitindum
943 3128 974 3173 de
994 3128 1089 3174 umoris
1102 3129 1158 3174 eius
1173 3127 1272 3174 vicibus

182 3213 204 3255 ct
219 3211 308 3269 iurgiis
330 3213 397 3257 inter
414 3212 533 3257 hominen
553 3212 701 3271 divulgatis.
720 3237 752 3244 -
770 3214 869 3258 Pnussm
888 3213 913 3268 (l.
932 3213 958 3267 l.)
979 3215 1050 3258 notat
1071 3213 1111 3258 “la
1129 3212 1273 3258 contradic-

181 3294 228 3340 tion
246 3294 387 3353 flagrante“
407 3296 475 3341 inter
493 3310 516 3341 v.
537 3299 549 3343 7
569 3300 595 3342 et
616 3299 654 3355 10,
673 3298 743 3356 quod
756 3297 787 3342 ad
802 3299 908 3354 trrfcmr's
921 3298 1053 3345 audiatur:
1068 3298 1109 3343 ’ob
1122 3297 1272 3343 meretrices

180 3378 393 3438 frequentandus.
434 3381 467 3426 At
493 3382 580 3440 potius
608 3383 667 3428 audi
695 3384 749 3442 ’per
775 3382 920 3438 Cynthium'
947 3384 989 3429 vel
1016 3385 1131 3443 ’propter
1157 3383 1272 3440 Cynthiae

180 3466 370 3520 garrulitatem'.

277 3544 287 3574 ²
305 3549 349 3595 Oli·
366 3550 393 3595 ΙΙ
411 3552 434 3610 3,
454 3553 485 3596 44
504 3558 559 3597 mut
577 3559 599 3597 et
618 3554 689 3608 Eoos,
709 3560 764 3598 uret
782 3559 803 3597 et
822 3555 966 3611 Hesperios.

277 3629 415 3680 ³Versum
443 3639 466 3695 8,
494 3637 561 3682 sieut
587 3651 644 3682 esse
676 3638 857 3684 difficillimum
885 3639 998 3683 concedo
1026 3639 1134 3690 {Purssrs
1160 3639 1176 3683 l.
1204 3639 1220 3683 1.
1246 3652 1271 3696 p.

180 3719 242 3779 137),
264 3719 300 3765 itu
322 3720 372 3765 hoo
395 3721 471 3765 modo
491 3721 649 3780 explicatum
668 3722 763 3767 bonam
782 3723 896 3780 prmbere
916 3723 1071 3767 sententiam
1093 3723 1220 3768 existimo.
1240 3747 1272 3753 —-

179 3802 206 3847 Id
232 3803 337 3849 omnino
364 3808 441 3863 poeta
468 3819 508 3851 vv.
529 3807 609 3851 5-10
629 3806 708 3866 dolet,
727 3808 795 3865 quod
814 3791 928 3864 Cynthius
946 3807 1058 3852 sturitate
1077 3813 1102 3852 et
1120 3807 1271 3864 garrulitate

180 3886 265 3934 fabula
282 3903 330 3947 per
348 3890 439 3935 urbem
459 3890 542 3936 lactus
561 3894 638 3936 esset.
1215 3876 1219 3884 ¹

277 3967 374 4018 ⁴Nihi1
401 3975 512 4032 amplius
540 3976 709 4031 desideratur,
737 3978 763 4020 et
789 3989 892 4021 carmen
920 3976 961 4021 hic
979 3975 1081 4021 finitum
1099 3990 1157 4022 esse
1176 3980 1270 4035 potest.

181 4053 274 4102 Tamen
297 4058 410 4117 quodam
436 4059 512 4103 modo
532 4060 564 4104 ad
583 4059 692 4104 eandem
711 4060 846 4105 materiem
864 4063 985 4118 spectant
1003 4073 1043 4105 vv.
1064 4062 1170 4106 11—16.
1206 4062 1271 4106 Num

179 4142 206 4186 ut
222 4141 340 4188 versibus
361 4143 442 4188 5-10
461 4145 583 4203 explanat
601 4146 678 4203 poeta
695 4145 720 4190 id
740 4145 809 4203 quod
828 4146 867 4204 23,
888 4146 917 4191 17
937 4145 1089 4204 scripserat:
1109 4146 1207 4202 differet
1220 4147 1271 4191 hoec

180 4238 320 4286 numquam,
338 4227 374 4273 ite
391 4227 433 4273 his
452 4228 570 4274 versibus
588 4228 702 4274 illustrat
719 4229 745 4274 id
763 4230 833 4288 quod
851 4230 980 4289 sequitur:
1000 4244 1043 4274 nec
1056 4235 1142 4288 poscet
1152 4231 1270 4288 carrula.
