<?xml version="1.0" encoding="UTF-8"?>
<!DOCTYPE html PUBLIC "-//W3C//DTD XHTML 1.0 Transitional//EN"
    "http://www.w3.org/TR/xhtml1/DTD/xhtml1-transitional.dtd">
<html xmlns="http://www.w3.org/1999/xhtml" xml:lang="en" lang="en">
 <head>
  <title>
</title>
<meta http-equiv="Content-Type" content="text/html;charset=utf-8" />
  <meta name='ocr-system' content='tesseract 3.04.00' />
  <meta name='ocr-capabilities' content='ocr_page ocr_carea ocr_par ocr_line ocrx_word'/>
</head>
<body>
  <div class='ocr_page' id='page_1' title='image "./emendationesete00risbgoog_0041.png"; bbox 0 0 3116 5124; ppageno 0'>
   <div class='ocr_carea' id='block_1_1' title="bbox 437 453 476 510">
    <p class='ocr_par' dir='ltr' id='par_1_1' title="bbox 437 453 476 510">
     <span class='ocr_line' id='line_1_1' title="bbox 437 453 476 510; baseline -0.026 0"><span class='ocrx_word' id='word_1_1' title='bbox 437 453 476 510; x_wconf 86' lang='grc'>36</span> 
     </span>
    </p>
   </div>
   <div class='ocr_carea' id='block_1_2' title="bbox 498 619 1378 820">
    <p class='ocr_par' dir='ltr' id='par_1_2' title="bbox 498 619 1378 820">
     <span class='ocr_line' id='line_1_2' title="bbox 498 619 1360 705; baseline 0.002 -21"><span class='ocrx_word' id='word_1_2' title='bbox 498 619 576 684; x_wconf 79' lang='lat' dir='ltr'>Orbe</span> <span class='ocrx_word' id='word_1_3' title='bbox 599 640 719 705; x_wconf 88' lang='lat' dir='ltr'>quoque</span> <span class='ocrx_word' id='word_1_4' title='bbox 741 621 775 682; x_wconf 84' lang='lat' dir='ltr'>iu</span> <span class='ocrx_word' id='word_1_5' title='bbox 798 639 912 683; x_wconf 81' lang='lat' dir='ltr'>ureueae</span> <span class='ocrx_word' id='word_1_6' title='bbox 934 620 997 704; x_wconf 82' lang='lat' dir='ltr'>leqr&#39;</span> <span class='ocrx_word' id='word_1_7' title='bbox 1018 619 1074 684; x_wconf 80' lang='lat' dir='ltr'>sub</span> <span class='ocrx_word' id='word_1_8' title='bbox 1096 622 1221 685; x_wconf 77' lang='lat' dir='ltr'>uara-lue</span> <span class='ocrx_word' id='word_1_9' title='bbox 1242 629 1360 704; x_wconf 81' lang='lat' dir='ltr'>austra,</span> 
     </span>
     <span class='ocr_line' id='line_1_3' title="bbox 546 736 1378 820; baseline 0.004 -19"><span class='ocrx_word' id='word_1_10' title='bbox 546 737 636 818; x_wconf 77' lang='lat' dir='ltr'>Quod</span> <span class='ocrx_word' id='word_1_11' title='bbox 658 736 794 801; x_wconf 83' lang='lat' dir='ltr'>deducta</span> <span class='ocrx_word' id='word_1_12' title='bbox 816 758 900 801; x_wconf 89' lang='lat' dir='ltr'>ruera</span> <span class='ocrx_word' id='word_1_13' title='bbox 923 738 1030 802; x_wconf 79' lang='lat' dir='ltr'>littera</span> <span class='ocrx_word' id='word_1_14' title='bbox 1050 738 1139 820; x_wconf 79' lang='lat' dir='ltr'>fecit,</span> <span class='ocrx_word' id='word_1_15' title='bbox 1162 739 1270 804; x_wconf 78' lang='lat' dir='ltr'>Auo,</span> <span class='ocrx_word' id='word_1_16' title='bbox 1374 764 1378 776; x_wconf 87' lang='lat'><em>·</em></span> 
     </span>
    </p>
   </div>
   <div class='ocr_carea' id='block_1_3' title="bbox 391 889 1501 1093">
    <p class='ocr_par' dir='ltr' id='par_1_3' title="bbox 391 889 1501 1093">
     <span class='ocr_line' id='line_1_4' title="bbox 391 889 1501 992; baseline 0.002 -37"><span class='ocrx_word' id='word_1_17' title='bbox 391 889 497 973; x_wconf 77' lang='lat' dir='ltr'>Atque</span> <span class='ocrx_word' id='word_1_18' title='bbox 530 892 563 954; x_wconf 92' lang='lat' dir='ltr'>in</span> <span class='ocrx_word' id='word_1_19' title='bbox 595 890 748 969; x_wconf 82' lang='lat' dir='ltr'>versibus,</span> <span class='ocrx_word' id='word_1_20' title='bbox 781 890 834 971; x_wconf 90' lang='lat' dir='ltr'>qui</span> <span class='ocrx_word' id='word_1_21' title='bbox 864 891 1006 972; x_wconf 87' lang='lat' dir='ltr'>proxime</span> <span class='ocrx_word' id='word_1_22' title='bbox 1034 893 1232 972; x_wconf 76' lang='lat' dir='ltr'>antecedunt,</span> <span class='ocrx_word' id='word_1_23' title='bbox 1256 894 1294 957; x_wconf 87' lang='lat'>81</span> <span class='ocrx_word' id='word_1_24' title='bbox 1323 916 1381 975; x_wconf 90' lang='lat' dir='ltr'>sq.‚</span> <span class='ocrx_word' id='word_1_25' title='bbox 1404 892 1501 992; x_wconf 85' lang='lat' dir='ltr'>huno</span> 
     </span>
     <span class='ocr_line' id='line_1_5' title="bbox 391 1007 1001 1093; baseline -0.003 -18"><span class='ocrx_word' id='word_1_26' title='bbox 391 1010 550 1093; x_wconf 75' lang='lat' dir='ltr'><strong>Propertii</strong></span> <span class='ocrx_word' id='word_1_27' title='bbox 571 1009 677 1073; x_wconf 89' lang='lat' dir='ltr'>locum</span> <span class='ocrx_word' id='word_1_28' title='bbox 698 1008 835 1072; x_wconf 79' lang='lat' dir='ltr'>reddidit</span> <span class='ocrx_word' id='word_1_29' title='bbox 856 1007 1001 1073; x_wconf 85' lang='lat' dir='ltr'>Ovidius:</span> 
     </span>
    </p>
   </div>
   <div class='ocr_carea' id='block_1_4' title="bbox 493 1162 1325 1367">
    <p class='ocr_par' dir='ltr' id='par_1_4' title="bbox 493 1162 1325 1367">
     <span class='ocr_line' id='line_1_6' title="bbox 493 1162 1325 1248; baseline 0 -20"><span class='ocrx_word' id='word_1_30' title='bbox 493 1165 543 1228; x_wconf 75' lang='lat' dir='ltr'>A!</span> <span class='ocrx_word' id='word_1_31' title='bbox 561 1165 705 1248; x_wconf 78' lang='lat' dir='ltr'>quotieas</span> <span class='ocrx_word' id='word_1_32' title='bbox 727 1162 849 1245; x_wconf 72' lang='lat' dir='ltr'>aliquis,</span> <span class='ocrx_word' id='word_1_33' title='bbox 872 1165 1015 1247; x_wconf 79' lang='lat' dir='ltr'>quatiens</span> <span class='ocrx_word' id='word_1_34' title='bbox 1038 1184 1091 1247; x_wconf 82' lang='lat' dir='ltr'>eqo</span> <span class='ocrx_word' id='word_1_35' title='bbox 1114 1171 1194 1227; x_wconf 78' lang='lat' dir='ltr'>tecta</span> <span class='ocrx_word' id='word_1_36' title='bbox 1216 1167 1325 1228; x_wconf 70' lang='lat' dir='ltr'>uocaui</span> 
     </span>
     <span class='ocr_line' id='line_1_7' title="bbox 543 1281 1219 1367; baseline 0.001 -22"><span class='ocrx_word' id='word_1_37' title='bbox 543 1283 644 1366; x_wconf 83' lang='lat' dir='ltr'>Siqua</span> <span class='ocrx_word' id='word_1_38' title='bbox 666 1281 837 1364; x_wconf 80' lang='lat' dir='ltr'>supercilio</span> <span class='ocrx_word' id='word_1_39' title='bbox 856 1302 948 1365; x_wconf 81' lang='lat' dir='ltr'>pauc</span> <span class='ocrx_word' id='word_1_40' title='bbox 970 1283 1112 1367; x_wconf 80' lang='lat' dir='ltr'><em>loquente</em></span> <span class='ocrx_word' id='word_1_41' title='bbox 1135 1283 1219 1346; x_wconf 80' lang='lat' dir='ltr'>clari.</span> 
     </span>
    </p>
   </div>
   <div class='ocr_carea' id='block_1_5' title="bbox 387 1433 1496 1638">
    <p class='ocr_par' dir='ltr' id='par_1_5' title="bbox 387 1433 1496 1638">
     <span class='ocr_line' id='line_1_8' title="bbox 490 1433 1496 1520; baseline -0.001 -19"><span class='ocrx_word' id='word_1_42' title='bbox 490 1436 595 1501; x_wconf 82' lang='lat' dir='ltr'>Ceteri</span> <span class='ocrx_word' id='word_1_43' title='bbox 621 1436 684 1500; x_wconf 89' lang='lat' dir='ltr'>loci</span> <span class='ocrx_word' id='word_1_44' title='bbox 706 1433 861 1512; x_wconf 80' lang='lat' dir='ltr'>Ovidium,</span> <span class='ocrx_word' id='word_1_45' title='bbox 885 1435 938 1516; x_wconf 90' lang='lat' dir='ltr'>qui</span> <span class='ocrx_word' id='word_1_46' title='bbox 960 1435 1088 1517; x_wconf 89' lang='lat' dir='ltr'>plurimi</span> <span class='ocrx_word' id='word_1_47' title='bbox 1110 1435 1270 1499; x_wconf 85' lang='lat' dir='ltr'>Tibullum</span> <span class='ocrx_word' id='word_1_48' title='bbox 1293 1440 1325 1500; x_wconf 73' lang='lat' dir='ltr'>el</span> <span class='ocrx_word' id='word_1_49' title='bbox 1346 1435 1496 1520; x_wconf 90' lang='lat' dir='ltr'>Proper-</span> 
     </span>
     <span class='ocr_line' id='line_1_9' title="bbox 387 1554 1085 1638; baseline -0.003 -17"><span class='ocrx_word' id='word_1_50' title='bbox 387 1557 467 1621; x_wconf 74' lang='lat' dir='ltr'>tium</span> <span class='ocrx_word' id='word_1_51' title='bbox 490 1556 579 1638; x_wconf 85' lang='lat' dir='ltr'>quasi</span> <span class='ocrx_word' id='word_1_52' title='bbox 600 1555 743 1619; x_wconf 83' lang='lat' dir='ltr'>redolere</span> <span class='ocrx_word' id='word_1_53' title='bbox 766 1554 920 1632; x_wconf 79' lang='lat' dir='ltr'>videntur,</span> <span class='ocrx_word' id='word_1_54' title='bbox 943 1559 1015 1618; x_wconf 77' lang='lat' dir='ltr'>sunl</span> <span class='ocrx_word' id='word_1_55' title='bbox 1037 1555 1085 1619; x_wconf 95' lang='lat' dir='ltr'>hi:</span> 
     </span>
    </p>
   </div>
   <div class='ocr_carea' id='block_1_6' title="bbox 357 1674 733 1754">
    <p class='ocr_par' dir='ltr' id='par_1_6' title="bbox 357 1674 733 1754">
     <span class='ocr_line' id='line_1_10' title="bbox 357 1674 733 1754; baseline -0.013 -13"><span class='ocrx_word' id='word_1_56' title='bbox 357 1693 360 1700; x_wconf 89' lang='lat'>&#39;</span> <span class='ocrx_word' id='word_1_57' title='bbox 386 1676 459 1740; x_wconf 87' lang='lat' dir='ltr'>Am.</span> <span class='ocrx_word' id='word_1_58' title='bbox 481 1674 564 1753; x_wconf 86' lang='lat'>115,</span> <span class='ocrx_word' id='word_1_59' title='bbox 589 1676 627 1738; x_wconf 87' lang='lat'>15</span> <span class='ocrx_word' id='word_1_60' title='bbox 649 1695 733 1754; x_wconf 83' lang='lat' dir='ltr'>sqq.:</span> 
     </span>
    </p>
   </div>
   <div class='ocr_carea' id='block_1_7' title="bbox 485 1826 1280 2267">
    <p class='ocr_par' dir='ltr' id='par_1_7' title="bbox 485 1826 1280 2029">
     <span class='ocr_line' id='line_1_11' title="bbox 485 1826 1239 1912; baseline 0 -20"><span class='ocrx_word' id='word_1_61' title='bbox 485 1828 591 1892; x_wconf 80' lang='lat' dir='ltr'>Multa</span> <span class='ocrx_word' id='word_1_62' title='bbox 614 1827 786 1910; x_wconf 76' lang='lat' dir='ltr'>sulpercc&#39;lio</span> <span class='ocrx_word' id='word_1_63' title='bbox 808 1827 877 1889; x_wconf 79' lang='lat' dir='ltr'>uidi</span> <span class='ocrx_word' id='word_1_64' title='bbox 899 1826 1041 1890; x_wconf 75' lang='lat' dir='ltr'>uibraute</span> <span class='ocrx_word' id='word_1_65' title='bbox 1064 1827 1239 1912; x_wconf 80' lang='lat' dir='ltr'>laqueatas:</span> 
     </span>
     <span class='ocr_line' id='line_1_12' title="bbox 539 1945 1280 2029; baseline 0.001 -20"><span class='ocrx_word' id='word_1_66' title='bbox 539 1946 677 2010; x_wconf 77' lang='lat' dir='ltr'>Nutibus</span> <span class='ocrx_word' id='word_1_67' title='bbox 700 1948 734 2008; x_wconf 84' lang='lat' dir='ltr'>iu</span> <span class='ocrx_word' id='word_1_68' title='bbox 757 1948 871 2008; x_wconf 81' lang='lat' dir='ltr'>uestris</span> <span class='ocrx_word' id='word_1_69' title='bbox 888 1967 970 2029; x_wconf 78' lang='lat' dir='ltr'>pars</span> <span class='ocrx_word' id='word_1_70' title='bbox 992 1945 1073 2009; x_wconf 82' lang='lat' dir='ltr'>baua</span> <span class='ocrx_word' id='word_1_71' title='bbox 1095 1948 1180 2010; x_wconf 81' lang='lat' dir='ltr'>uocis</span> <span class='ocrx_word' id='word_1_72' title='bbox 1202 1954 1280 2010; x_wconf 85' lang='lat' dir='ltr'>erat.</span> 
     </span>
    </p>

    <p class='ocr_par' dir='ltr' id='par_1_8' title="bbox 487 2064 1265 2267">
     <span class='ocr_line' id='line_1_13' title="bbox 487 2064 1253 2149; baseline -0.003 -19"><span class='ocrx_word' id='word_1_73' title='bbox 487 2065 560 2130; x_wconf 91' lang='lat' dir='ltr'>Nou</span> <span class='ocrx_word' id='word_1_74' title='bbox 583 2065 667 2128; x_wconf 82' lang='lat' dir='ltr'>ocull</span> <span class='ocrx_word' id='word_1_75' title='bbox 689 2071 814 2128; x_wconf 79' lang='lat' dir='ltr'>tacuere</span> <span class='ocrx_word' id='word_1_76' title='bbox 836 2064 894 2144; x_wconf 75' lang='lat' dir='ltr'>tui,</span> <span class='ocrx_word' id='word_1_77' title='bbox 917 2065 1158 2149; x_wconf 75' lang='lat' dir='ltr'>conscriptaque</span> <span class='ocrx_word' id='word_1_78' title='bbox 1180 2068 1253 2128; x_wconf 80' lang='lat' dir='ltr'>uiuo</span> 
     </span>
     <span class='ocr_line' id='line_1_14' title="bbox 535 2183 1265 2267; baseline -0.003 -19"><span class='ocrx_word' id='word_1_79' title='bbox 535 2184 659 2264; x_wconf 77' lang='lat' dir='ltr'>Mauso,</span> <span class='ocrx_word' id='word_1_80' title='bbox 681 2205 737 2246; x_wconf 90' lang='lat' dir='ltr'>uec</span> <span class='ocrx_word' id='word_1_81' title='bbox 758 2184 793 2245; x_wconf 85' lang='lat' dir='ltr'>iu</span> <span class='ocrx_word' id='word_1_82' title='bbox 816 2183 928 2267; x_wconf 82' lang='lat' dir='ltr'>diqr&#39;u&#39;s</span> <span class='ocrx_word' id='word_1_83' title='bbox 950 2185 1057 2247; x_wconf 77' lang='lat' dir='ltr'>littera</span> <span class='ocrx_word' id='word_1_84' title='bbox 1079 2185 1170 2247; x_wconf 83' lang='lat' dir='ltr'>uulla</span> <span class='ocrx_word' id='word_1_85' title='bbox 1190 2183 1265 2267; x_wconf 77' lang='lat' dir='ltr'>fuit.</span> 
     </span>
    </p>
   </div>
   <div class='ocr_carea' id='block_1_8' title="bbox 382 2317 713 2400">
    <p class='ocr_par' dir='ltr' id='par_1_9' title="bbox 382 2317 713 2400">
     <span class='ocr_line' id='line_1_15' title="bbox 382 2317 713 2400; baseline -0.003 -17"><span class='ocrx_word' id='word_1_86' title='bbox 382 2318 454 2383; x_wconf 83' lang='lat' dir='ltr'>Am.</span> <span class='ocrx_word' id='word_1_87' title='bbox 477 2317 493 2382; x_wconf 94' lang='lat' dir='ltr'>I</span> <span class='ocrx_word' id='word_1_88' title='bbox 514 2320 544 2397; x_wconf 80' lang='lat'>4,</span> <span class='ocrx_word' id='word_1_89' title='bbox 569 2319 606 2383; x_wconf 83' lang='lat'>17</span> <span class='ocrx_word' id='word_1_90' title='bbox 630 2341 713 2400; x_wconf 86' lang='lat' dir='ltr'>sqq.:</span> 
     </span>
    </p>
   </div>
   <div class='ocr_carea' id='block_1_9' title="bbox 483 2472 1553 2796">
    <p class='ocr_par' dir='ltr' id='par_1_10' title="bbox 483 2435 1554 2796">
     <span class='ocr_line' id='line_1_16' title="bbox 483 2472 1348 2558; baseline 0.003 -23"><span class='ocrx_word' id='word_1_91' title='bbox 483 2472 536 2536; x_wconf 89' lang='lat' dir='ltr'>Me</span> <span class='ocrx_word' id='word_1_92' title='bbox 558 2477 663 2555; x_wconf 79' lang='lat' dir='ltr'>specta</span> <span class='ocrx_word' id='word_1_93' title='bbox 687 2478 843 2555; x_wconf 73' lang='lat' dir='ltr'>uacuaque</span> <span class='ocrx_word' id='word_1_94' title='bbox 865 2481 948 2534; x_wconf 82' lang='lat' dir='ltr'>rueas</span> <span class='ocrx_word' id='word_1_95' title='bbox 970 2473 1150 2556; x_wconf 78' lang='lat' dir='ltr'>culturaque</span> <span class='ocrx_word' id='word_1_96' title='bbox 1173 2473 1348 2558; x_wconf 82' lang='lat' dir='ltr'>loquacem:</span> 
     </span>
     <span class='ocr_line' id='line_1_17' title="bbox 532 2590 1553 2682; baseline 0.002 -27"><span class='ocrx_word' id='word_1_97' title='bbox 532 2592 654 2675; x_wconf 74' lang='lat' dir='ltr'>Excipe</span> <span class='ocrx_word' id='word_1_98' title='bbox 674 2591 817 2673; x_wconf 80' lang='lat' dir='ltr'>furtivas</span> <span class='ocrx_word' id='word_1_99' title='bbox 839 2597 867 2654; x_wconf 80' lang='lat' dir='ltr'>et</span> <span class='ocrx_word' id='word_1_100' title='bbox 889 2590 975 2673; x_wconf 80' lang='lat' dir='ltr'>refer</span> <span class='ocrx_word' id='word_1_101' title='bbox 997 2593 1070 2675; x_wconf 78' lang='lat' dir='ltr'>ipsa</span> <span class='ocrx_word' id='word_1_102' title='bbox 1092 2599 1194 2656; x_wconf 80' lang='lat' dir='ltr'>uotae.</span> <span class='ocrx_word' id='word_1_103' title='bbox 1552 2673 1553 2682; x_wconf 8' lang='grc' dir='ltr'>ἵ</span> 
     </span>
     <span class='ocr_line' id='line_1_18' title="bbox 488 2699 1553 2796; baseline 0.004 -25"><span class='ocrx_word' id='word_1_104' title='bbox 488 2709 589 2772; x_wconf 84' lang='lat' dir='ltr'>Verba</span> <span class='ocrx_word' id='word_1_105' title='bbox 612 2709 795 2792; x_wconf 72' lang='lat' dir='ltr'>erupercr‘lr&#39;r&#39;s</span> <span class='ocrx_word' id='word_1_106' title='bbox 818 2710 886 2772; x_wconf 82' lang='lat' dir='ltr'>siue</span> <span class='ocrx_word' id='word_1_107' title='bbox 909 2731 980 2773; x_wconf 83' lang='lat' dir='ltr'>racc</span> <span class='ocrx_word' id='word_1_108' title='bbox 1003 2710 1164 2796; x_wconf 81' lang='lat' dir='ltr'>loqueulr&#39;a</span> <span class='ocrx_word' id='word_1_109' title='bbox 1187 2711 1306 2775; x_wconf 82' lang='lat' dir='ltr'>dicam:</span> <span class='ocrx_word' id='word_1_110' title='bbox 1552 2699 1553 2767; x_wconf 81' lang='lat' dir='ltr'>l</span> 
     </span>
    </p>
   </div>
   <div class='ocr_carea' id='block_1_10' title="bbox 378 2826 1254 3061">
    <p class='ocr_par' dir='ltr' id='par_1_11' title="bbox 378 2826 1254 3061">
     <span class='ocr_line' id='line_1_19' title="bbox 467 2826 1254 2909; baseline 0.006 -20"><span class='ocrx_word' id='word_1_111' title='bbox 467 2894 469 2898; x_wconf 65' lang='grc'>,</span> <span class='ocrx_word' id='word_1_112' title='bbox 538 2827 638 2890; x_wconf 84' lang='lat' dir='ltr'>Verba</span> <span class='ocrx_word' id='word_1_113' title='bbox 662 2827 744 2909; x_wconf 83' lang='lat' dir='ltr'>leqcs</span> <span class='ocrx_word' id='word_1_114' title='bbox 767 2826 887 2909; x_wconf 80' lang='lat' dir='ltr'>diqr&#39;tr&#39;s,</span> <span class='ocrx_word' id='word_1_115' title='bbox 912 2827 1005 2892; x_wconf 82' lang='lat' dir='ltr'>uerba</span> <span class='ocrx_word' id='word_1_116' title='bbox 1027 2836 1138 2894; x_wconf 79' lang='lat' dir='ltr'>uoluta</span> <span class='ocrx_word' id='word_1_117' title='bbox 1159 2851 1254 2894; x_wconf 73' lang='lat' dir='ltr'>utero.</span> 
     </span>
     <span class='ocr_line' id='line_1_20' title="bbox 378 2977 697 3061; baseline 0 -19"><span class='ocrx_word' id='word_1_118' title='bbox 378 2977 418 3043; x_wconf 89' lang='lat' dir='ltr'>A.</span> <span class='ocrx_word' id='word_1_119' title='bbox 442 3003 469 3044; x_wconf 84' lang='lat' dir='ltr'>a.</span> <span class='ocrx_word' id='word_1_120' title='bbox 492 2978 508 3043; x_wconf 93' lang='lat' dir='ltr'>I</span> <span class='ocrx_word' id='word_1_121' title='bbox 530 2980 591 3043; x_wconf 82' lang='lat'>569</span> <span class='ocrx_word' id='word_1_122' title='bbox 614 3001 697 3061; x_wconf 88' lang='lat' dir='ltr'>sqq.:</span> 
     </span>
    </p>
   </div>
   <div class='ocr_carea' id='block_1_11' title="bbox 478 3132 1550 3455">
    <p class='ocr_par' dir='ltr' id='par_1_12' title="bbox 478 3059 1551 3455">
     <span class='ocr_line' id='line_1_21' title="bbox 479 3132 1259 3200; baseline 0.003 -2"><span class='ocrx_word' id='word_1_123' title='bbox 479 3132 544 3198; x_wconf 83' lang='lat' dir='ltr'>Hic</span> <span class='ocrx_word' id='word_1_124' title='bbox 565 3132 623 3195; x_wconf 73' lang='lat' dir='ltr'>cru</span> <span class='ocrx_word' id='word_1_125' title='bbox 644 3134 744 3196; x_wconf 82' lang='lat' dir='ltr'>ruulta</span> <span class='ocrx_word' id='word_1_126' title='bbox 768 3133 840 3196; x_wconf 75' lang='lat' dir='ltr'>licet</span> <span class='ocrx_word' id='word_1_127' title='bbox 862 3154 1004 3198; x_wconf 88' lang='lat' dir='ltr'>serruoue</span> <span class='ocrx_word' id='word_1_128' title='bbox 1026 3137 1158 3200; x_wconf 79' lang='lat' dir='ltr'>latentia</span> <span class='ocrx_word' id='word_1_129' title='bbox 1182 3145 1259 3200; x_wconf 79' lang='lat' dir='ltr'>tecto</span> 
     </span>
     <span class='ocr_line' id='line_1_22' title="bbox 530 3251 1550 3335; baseline 0.005 -21"><span class='ocrx_word' id='word_1_130' title='bbox 530 3252 655 3329; x_wconf 80' lang='lat' dir='ltr'>Dicere,</span> <span class='ocrx_word' id='word_1_131' title='bbox 678 3272 747 3335; x_wconf 75' lang='lat' dir='ltr'>quae</span> <span class='ocrx_word' id='word_1_132' title='bbox 769 3251 836 3314; x_wconf 79' lang='lat' dir='ltr'>dici</span> <span class='ocrx_word' id='word_1_133' title='bbox 858 3254 975 3315; x_wconf 66' lang='lat' dir='ltr'>scutiae</span> <span class='ocrx_word' id='word_1_134' title='bbox 997 3253 1055 3316; x_wconf 78' lang='lat' dir='ltr'>illa</span> <span class='ocrx_word' id='word_1_135' title='bbox 1078 3255 1148 3335; x_wconf 77' lang='lat' dir='ltr'>sibi,</span> <span class='ocrx_word' id='word_1_136' title='bbox 1549 3283 1550 3286; x_wconf 42' lang='lat'>¹</span> 
     </span>
     <span class='ocr_line' id='line_1_23' title="bbox 478 3370 1365 3455; baseline 0.004 -21"><span class='ocrx_word' id='word_1_137' title='bbox 478 3370 726 3454; x_wconf 79' lang='lat' dir='ltr'>Blaudr&#39;tiasque</span> <span class='ocrx_word' id='word_1_138' title='bbox 749 3370 828 3432; x_wconf 83' lang='lat' dir='ltr'>leues</span> <span class='ocrx_word' id='word_1_139' title='bbox 851 3372 940 3434; x_wconf 83' lang='lat' dir='ltr'>tcuur&#39;</span> <span class='ocrx_word' id='word_1_140' title='bbox 957 3372 1154 3455; x_wconf 79' lang='lat' dir='ltr'>perscribere</span> <span class='ocrx_word' id='word_1_141' title='bbox 1176 3375 1260 3455; x_wconf 78' lang='lat' dir='ltr'>uiuo,</span> <span class='ocrx_word' id='word_1_142' title='bbox 1361 3430 1365 3438; x_wconf 91' lang='lat'>.</span> 
     </span>
    </p>
   </div>
   <div class='ocr_carea' id='block_1_12' title="bbox 427 3606 1330 3812">
    <p class='ocr_par' dir='ltr' id='par_1_13' title="bbox 427 3606 1330 3812">
     <span class='ocr_line' id='line_1_24' title="bbox 475 3606 1330 3693; baseline 0.007 -24"><span class='ocrx_word' id='word_1_143' title='bbox 475 3606 578 3690; x_wconf 80' lang='lat' dir='ltr'>Atque</span> <span class='ocrx_word' id='word_1_144' title='bbox 600 3607 706 3670; x_wconf 82' lang='lat' dir='ltr'>oculos</span> <span class='ocrx_word' id='word_1_145' title='bbox 729 3608 829 3671; x_wconf 84' lang='lat' dir='ltr'>oculis</span> <span class='ocrx_word' id='word_1_146' title='bbox 852 3615 993 3691; x_wconf 76' lang='lat' dir='ltr'>spectare</span> <span class='ocrx_word' id='word_1_147' title='bbox 1014 3608 1189 3690; x_wconf 76' lang='lat' dir='ltr'>futeulr&#39;bus</span> <span class='ocrx_word' id='word_1_148' title='bbox 1212 3613 1330 3693; x_wconf 78' lang='lat' dir='ltr'>iqueur:</span> 
     </span>
     <span class='ocr_line' id='line_1_25' title="bbox 427 3713 1292 3812; baseline 0.006 -24"><span class='ocrx_word' id='word_1_149' title='bbox 427 3713 431 3722; x_wconf 49' lang='lat'>¹</span> <span class='ocrx_word' id='word_1_150' title='bbox 524 3725 614 3808; x_wconf 72' lang='lat' dir='ltr'>Saue</span> <span class='ocrx_word' id='word_1_151' title='bbox 636 3731 744 3788; x_wconf 80' lang='lat' dir='ltr'>taceas</span> <span class='ocrx_word' id='word_1_152' title='bbox 766 3747 869 3789; x_wconf 88' lang='lat' dir='ltr'>aoceur</span> <span class='ocrx_word' id='word_1_153' title='bbox 891 3727 1045 3812; x_wconf 82' lang='lat' dir='ltr'>uerbaque</span> <span class='ocrx_word' id='word_1_154' title='bbox 1067 3729 1172 3792; x_wconf 80' lang='lat' dir='ltr'>uultus</span> <span class='ocrx_word' id='word_1_155' title='bbox 1192 3729 1292 3793; x_wconf 79' lang='lat' dir='ltr'>lcadet.</span> 
     </span>
    </p>
   </div>
   <div class='ocr_carea' id='block_1_13' title="bbox 533 3487 1418 3584">
    <p class='ocr_par' dir='ltr' id='par_1_14' title="bbox 533 3487 1549 3913">
     <span class='ocr_line' id='line_1_26' title="bbox 533 3487 1418 3584; baseline -0.004 -34"><span class='ocrx_word' id='word_1_156' title='bbox 533 3487 572 3550; x_wconf 80' lang='lat' dir='ltr'>Vc</span> <span class='ocrx_word' id='word_1_157' title='bbox 594 3487 756 3550; x_wconf 82' lang='lat' dir='ltr'>doruiuaur</span> <span class='ocrx_word' id='word_1_158' title='bbox 778 3490 813 3551; x_wconf 87' lang='lat' dir='ltr'>iu</span> <span class='ocrx_word' id='word_1_159' title='bbox 835 3509 944 3552; x_wconf 79' lang='lat' dir='ltr'>rueusa</span> <span class='ocrx_word' id='word_1_160' title='bbox 966 3510 999 3553; x_wconf 80' lang='lat' dir='ltr'>oe</span> <span class='ocrx_word' id='word_1_161' title='bbox 1021 3491 1105 3572; x_wconf 81' lang='lat' dir='ltr'>leqat</span> <span class='ocrx_word' id='word_1_162' title='bbox 1126 3492 1185 3554; x_wconf 80' lang='lat' dir='ltr'>illa</span> <span class='ocrx_word' id='word_1_163' title='bbox 1208 3498 1305 3572; x_wconf 79' lang='lat' dir='ltr'>lauru,</span> <span class='ocrx_word' id='word_1_164' title='bbox 1415 3577 1418 3584; x_wconf 92' lang='lat'>.</span> 
     </span>
    </p>
   </div>
   <div class='ocr_carea' id='block_1_14' title="bbox 373 3873 599 3940">
    <p class='ocr_par' dir='ltr' id='par_1_15' title="bbox 373 3873 599 3940">
     <span class='ocr_line' id='line_1_27' title="bbox 373 3873 599 3940; baseline 0.009 -3"><span class='ocrx_word' id='word_1_165' title='bbox 373 3873 412 3938; x_wconf 83' lang='lat' dir='ltr'>A.</span> <span class='ocrx_word' id='word_1_166' title='bbox 436 3897 462 3938; x_wconf 82' lang='lat' dir='ltr'>a.</span> <span class='ocrx_word' id='word_1_167' title='bbox 487 3874 502 3938; x_wconf 93' lang='lat' dir='ltr'>I</span> <span class='ocrx_word' id='word_1_168' title='bbox 524 3877 599 3940; x_wconf 87' lang='lat'><strong>500:</strong></span> 
     </span>
    </p>
   </div>
   <div class='ocr_carea' id='block_1_15' title="bbox 371 4010 1234 4228">
    <p class='ocr_par' dir='ltr' id='par_1_16' title="bbox 371 3959 1547 4371">
     <span class='ocr_line' id='line_1_28' title="bbox 523 4010 1234 4099; baseline 0.007 -26"><span class='ocrx_word' id='word_1_169' title='bbox 523 4010 626 4074; x_wconf 77' lang='lat' dir='ltr'>Multa</span> <span class='ocrx_word' id='word_1_170' title='bbox 650 4013 843 4096; x_wconf 63' lang='lat' dir='ltr'>superadde,</span> <span class='ocrx_word' id='word_1_171' title='bbox 866 4014 966 4077; x_wconf 79' lang='lat' dir='ltr'>multa</span> <span class='ocrx_word' id='word_1_172' title='bbox 988 4015 1118 4099; x_wconf 87' lang='lat' dir='ltr'>loquare</span> <span class='ocrx_word' id='word_1_173' title='bbox 1141 4017 1234 4079; x_wconf 77' lang='lat' dir='ltr'>uotis,</span> 
     </span>
     <span class='ocr_line' id='line_1_29' title="bbox 371 4143 744 4228; baseline 0.013 -20"><span class='ocrx_word' id='word_1_174' title='bbox 371 4144 431 4227; x_wconf 81' lang='lat' dir='ltr'>Ep.</span> <span class='ocrx_word' id='word_1_175' title='bbox 454 4143 516 4210; x_wconf 89' lang='lat' dir='ltr'>XV</span> <span class='ocrx_word' id='word_1_176' title='bbox 539 4144 650 4228; x_wconf 65' lang='lat' dir='ltr'>(XVI),</span> <span class='ocrx_word' id='word_1_177' title='bbox 666 4149 744 4212; x_wconf 81' lang='lat'>256:</span> 
     </span>
    </p>
   </div>
   <div class='ocr_carea' id='block_1_16' title="bbox 472 4281 1256 4372">
    <p class='ocr_par' dir='ltr' id='par_1_17' title="bbox 472 4281 1256 4372">
     <span class='ocr_line' id='line_1_30' title="bbox 472 4281 1256 4372; baseline 0.009 -27"><span class='ocrx_word' id='word_1_178' title='bbox 472 4281 514 4345; x_wconf 77' lang='lat' dir='ltr'>ut</span> <span class='ocrx_word' id='word_1_179' title='bbox 536 4283 626 4347; x_wconf 81' lang='lat' dir='ltr'>ruodo</span> <span class='ocrx_word' id='word_1_180' title='bbox 644 4304 705 4367; x_wconf 79' lang='lat' dir='ltr'>per</span> <span class='ocrx_word' id='word_1_181' title='bbox 727 4292 839 4348; x_wconf 80' lang='lat' dir='ltr'>uuluuc</span> <span class='ocrx_word' id='word_1_182' title='bbox 861 4287 955 4370; x_wconf 78' lang='lat' dir='ltr'>siqua</span> <span class='ocrx_word' id='word_1_183' title='bbox 978 4287 1110 4372; x_wconf 77' lang='lat' dir='ltr'>leqcuda</span> <span class='ocrx_word' id='word_1_184' title='bbox 1133 4287 1256 4352; x_wconf 84' lang='lat' dir='ltr'>dabam.</span> 
     </span>
    </p>
   </div>
   <div class='ocr_carea' id='block_1_17' title="bbox 0 0 1562 5124">
    <p class='ocr_par' dir='ltr' id='par_1_18' title="bbox 0 0 1562 5124">
     <span class='ocr_line' id='line_1_31' title="bbox 0 0 1562 5124; baseline 0 0"><span class='ocrx_word' id='word_1_185' title='bbox 0 0 1562 5124; x_wconf 95' lang='lat' dir='ltr'> </span> 
     </span>
    </p>
   </div>
  </div>
 </body>
</html>
