2924 4950
561 1307 630 1372 One.
653 1306 677 1372 Ι.

142 1459 193 1530 De
215 1478 283 1530 non
305 1459 412 1531 nullis
434 1459 519 1531 locis
541 1459 735 1532 scribendis
758 1467 791 1532 et
813 1459 1093 1549 interpretandis.

170 1651 188 1712 1
211 1652 242 1728 s,
265 1653 401 1714 13-eo.

172 1784 381 1869 Elpenoris
404 1787 528 1870 deeple'ei
551 1793 728 1870 correptum
752 1787 867 1850 orooro
891 1787 1032 1849 loon-ene

222 1905 295 1967 Hae
317 1907 418 1969 Amor
440 1906 499 1969 hoe
521 1905 628 1987 Liber,
651 1906 752 1970 (turres
774 1913 905 1990 uterque
927 1906 1015 1986 (leue,

174 2022 317 2087 Sobieeto
341 2025 452 2088 leuiter
471 2027 609 2108 positam
633 2032 785 2109 temptare
808 2026 925 2088 looerto

224 2142 400 2227 Osculaque
422 2143 551 2206 odruoto
574 2164 695 2206 soluere
718 2150 747 2206 et
769 2165 860 2206 ormo
883 2133 991 2224 meleu,

173 2260 248 2324 Non
270 2267 375 2324 loloeo
397 2281 496 2324 oneres
519 2282 606 2325 erum
628 2261 765 2324 domimo
787 2261 916 2323 teerbore
939 2262 1082 2345 quietem,

223 2379 374 2463 Experto
394 2386 534 2443 metuens
557 2381 666 2463 turpio
690 2381 830 2460 emollire,

174 2497 238 2561 seo
260 2500 307 2562 sio
328 2499 461 2562 luteolis
482 2499 638 2562 hoerebooe
659 2497 744 2580 fimes
767 2498 884 2579 ocellis

224 2619 333 2700 Arpos
355 2624 389 2681 ol
413 2619 530 2701 ipuotis
553 2617 700 2681 cornibus
723 2616 906 2682 Inachidos.

174 2752 319 2817 Vnumne
332 2752 351 2832 ¹,
386 2754 439 2835 qui
473 2775 543 2817 oum
575 2752 780 2817 Lnonunnro²
813 2762 841 2818 et
874 2776 966 2818 ormo
995 2754 1037 2836 (r.
1067 2752 1119 2835 16)
1154 2776 1172 2816 a

68 2875 176 2955 poetae
198 2895 292 2936 manu
307 2872 486 2954 profectum
501 2876 618 2951 censet,
634 2872 785 2936 adsentiri
799 2895 863 2937 non
877 2895 1015 2956 possum,
1031 2895 1095 2937 non
1110 2894 1171 2954 quo

70 2990 171 3054 talem
203 2991 368 3055 sententiae
400 2991 545 3069 formam,
568 2992 681 3055 nedum
705 2991 895 3055 sententiam
916 2992 1028 3073 ipsam,
1052 3015 1070 3055 a
1092 2991 1172 3055 Pro-

71 3109 179 3191 pertio
201 3131 331 3192 prorsus
354 3109 490 3173 alienam
513 3109 638 3173 credam
649 3107 671 3188 ³,
694 3110 749 3173 sed
772 3109 846 3191 quia
868 3109 907 3173 ab
926 3109 987 3174 hoo
1001 3109 1173 3174 tenerrimo

58 3231 107 3290 et
129 3226 316 3292 suavissimo
339 3227 409 3291 loco
433 3226 605 3291 abhorrere
626 3231 713 3308 puto.
744 3226 820 3291 Non
836 3231 910 3308 apta
924 3227 1003 3290 mihi
1016 3227 1069 3291 hie
1084 3227 1173 3291 ride-

71 3349 127 3408 tur
150 3345 212 3409 nisi
235 3345 413 3410 osculorum
435 3345 564 3424 menti0,
588 3367 682 3427 quem
698 3346 737 3408 ad
751 3346 879 3410 modum
893 3345 1087 3428 Propertius,
1104 3367 1174 3408 oum

73 3464 196 3528 aditum
219 3464 302 3546 apud
324 3463 494 3546 Cynthium
515 3463 606 3528 valde
629 3463 765 3526 similem
780 3464 922 3547 depingit
937 3462 968 3528 ΙΙ
983 3465 1033 3544 29,
1049 3463 1175 3546 scripsit

34 3624 45 3643 .
74 3581 119 3664 (v.
144 3580 215 3664 39):

181 3749 189 3778 ¹
206 3755 326 3812 Beitritge
345 3768 391 3800 zur
409 3755 594 3814 Berichtigung
613 3757 659 3802 des
677 3757 762 3816 P1·op.‚
780 3754 937 3802 Monateber.
952 3755 997 3800 der
1009 3754 1061 3812 kgl.
1073 3767 1175 3814 preuss.

72 3839 157 3886 Aliud.
177 3839 223 3885 der
240 3841 314 3888 Wiss.
334 3853 367 3886 zu
385 3840 472 3886 Berlin
493 3841 554 3886 1881
575 3854 618 3900 pp.
638 3842 686 3887 353
706 3855 743 3898 sq.

180 3916 191 3948 ²
207 3923 238 3969 In
256 3925 317 3972 edit.
337 3925 410 3971 1816.

180 4000 191 4032 ³
209 4008 363 4067 Quanquam
381 4023 481 4071 versus,
501 4024 566 4069 quos
584 4010 732 4056 anuunuu
751 4009 843 4055 adtulit
862 4009 911 4064 (III
930 4011 1176 4070 20,19sq.:1ouam

71 4093 161 4139 erereltoe
180 4099 237 4139 onte
255 4095 317 4140 eneis
335 4094 419 4139 cedent
437 4077 594 4142 sermonibus
612 4096 689 4152 horre,
710 4096 801 4140 Doleto
815 4108 889 4154 quom
902 4094 974 4140 noble
986 4097 1089 4140 concitet
1102 4109 1176 4140 arola

77 4177 198 4236 Venoel),
217 4179 299 4252 multo
317 4181 379 4226 eunt
397 4179 575 4238 elegantiores.

144 4277 170 4315 B.
187 4276 316 4327 reubero:
330 4278 499 4341 Emenelullonee
512 4284 532 4319 ee
546 4279 714 4326 explicationes.
1093 4285 1104 4332 1

536 4781 837 4910 266891
