2924 4950
214 143 250 184 so
326 120 367 184 Iu
390 121 485 183 tacito
509 119 614 183 cohibe
635 121 759 204 paudiu
782 123 892 185 clausu
914 124 1004 186 sirau:

276 238 421 323 Namque
444 241 479 302 iu
501 259 608 303 umore
631 259 687 322 suo
710 260 832 324 semper
854 261 914 303 sua
935 241 1078 303 anemium
1101 240 1213 323 cuique

327 356 443 420 Nescio
466 377 526 441 quo
543 364 641 441 poeto
664 357 757 421 uerba
780 378 890 421 uocare
912 357 1022 421 soleat.

278 477 430 556 Quamuis
452 482 481 539 te
500 497 644 560 persaepe
666 483 760 553 uocet,
784 477 876 540 seruet
898 478 946 539 ire
968 483 1134 539 eruerucuto:

239 628 241 633 ·
328 593 491 658 Invidiam
514 595 598 678 quod
619 594 720 670 tutet,
743 616 807 658 nou
830 595 907 658 solet
930 615 994 658 esse
1017 595 1084 658 diu.

276 779 393 845 Totum
422 781 506 845 hunc
536 781 642 846 locum
673 782 835 864 exscripsi,
867 786 902 846 ut
928 782 1025 846 series
1048 782 1276 846 sententiarum

177 899 291 964 elarius
323 899 446 964 eluceat
471 900 660 982 legentibus.
705 900 807 964 Poeta
829 905 937 966 monet
959 901 1092 965 rivalem
1114 924 1215 978 suum,
1237 923 1275 963 ne

175 1019 269 1082 nimis
297 1019 435 1082 confidat
462 1017 607 1100 Cynthiae
633 1019 708 1083 fidei
735 1023 766 1083 et
789 1019 986 1084 constantiae.
1029 1017 1114 1083 Nam
1137 1041 1276 1083 amorem

176 1137 259 1201 verti
291 1159 395 1219 posse,
428 1138 512 1218 quod
542 1137 710 1220 Propertio
741 1138 804 1220 ipsi
826 1138 1003 1202 accidisset.
1047 1137 1185 1201 Proinde
1208 1137 1276 1201 aliis

176 1255 337 1320 fortunam
368 1278 407 1319 ne
438 1256 585 1320 iactaret:
617 1257 841 1339 gloriationem
862 1279 987 1322 nocere.
1032 1255 1114 1320 Tum
1136 1257 1277 1338 sequitur

177 1397 288 1440 versus
311 1375 424 1439 tertius
448 1379 480 1439 et
501 1375 693 1440 tricesimus:

283 1529 434 1608 Quoruois
457 1534 485 1591 te
502 1549 648 1612 persepe
670 1537 764 1610 uocet,
788 1530 881 1593 sauzet
904 1532 951 1592 tre
973 1535 1136 1610 merreeuto,

179 1665 266 1729 cuius
290 1665 327 1728 de
351 1663 451 1728 altera
465 1668 555 1747 parte
571 1663 662 1728 valde
678 1665 851 1747 ambigitur
866 1665 949 1729 inter
965 1665 1050 1728 viros
1066 1664 1187 1728 doctos.
1219 1662 1277 1727 Sed

179 1787 349 1864 antequam
372 1786 551 1846 commenta
575 1805 684 1847 eorum
705 1787 896 1864 perscruter,
919 1783 1153 1847 animadvertas
1175 1781 1277 1859 velim,

180 1925 275 1985 quam
305 1901 554 2004 similisratione
585 1925 635 1966 vv.
663 1903 788 1966 29-32
812 1906 844 1966 et
867 1901 1078 1966 33-34si11t
1101 1900 1276 1983 compositi.

181 2021 260 2086 Tres
283 2021 447 2102 utriusque
470 2020 635 2084 sententiae
651 2024 758 2102 partes
774 2025 856 2084 sunt.
890 2019 963 2084 Una
977 2019 1164 2100 magnitudo
1180 2041 1277 2083 amo-

179 2140 237 2204 ris
272 2139 385 2222 puellae
423 2144 697 2216 commemoratur,
731 2139 831 2203 altera
864 2137 1088 2203 admonitio
1121 2137 1279 2220 Propertii

181 2259 371 2336 continetur,
410 2261 551 2321 extrema
590 2279 708 2322 causa
745 2257 930 2322 monitionis
967 2256 1108 2320 adfertur
1141 2279 1192 2320 res
1225 2279 1280 2321 usu

182 2377 341 2442 communi
371 2376 516 2459 probata.
561 2375 664 2452 Quare
695 2381 730 2441 nt
760 2400 836 2442 vera
858 2399 968 2440 versus
991 2377 1032 2439 33
1055 2375 1190 2450 extremi
1211 2397 1280 2440 sen-

180 2497 282 2562 tentia
307 2495 498 2574 inveniatur,
525 2498 631 2578 potest
656 2518 756 2578 prope
779 2494 924 2559 adhiberi
948 2493 1095 2575 aequatio,
1119 2516 1214 2576 quam
1237 2494 1281 2558 di-

159 2598 257 2681 cunt
282 2614 513 2679 mathematici:
539 2613 570 2696 1)
594 2614 737 2696 quamvis
759 2618 792 2677 te
815 2613 938 2695 diligat,
962 2611 995 2694 2)
1018 2612 1132 2676 cohibe
1155 2612 1281 2694 gaudia:

182 2733 215 2816 3)
230 2757 304 2798 nam
318 2734 592 2817 magniloquentia
607 2732 688 2797 solet
702 2754 817 2796 nocere
836 2760 869 2784 =
887 2730 918 2814 1)
935 2731 1078 2813 quamvis
1094 2735 1126 2795 te
1141 2752 1281 2814 persaepe

182 2858 285 2933 vocet,
308 2853 341 2936 2)
364 2857 393 2918 P:
416 2852 449 2935 3)
472 2875 546 2916 nam
567 2852 600 2915 id
623 2853 708 2934 quod
729 2851 827 2916 habet
849 2827 1011 2930 invidiam,
1034 2873 1098 2914 non
1118 2851 1202 2916 solet
1217 2871 1281 2915 esse

183 2973 245 3037 diu.
289 2972 426 3037 Versum
460 2973 500 3035 34
533 2971 597 3034 iam
629 2970 826 3035 Pussummvs
859 2973 945 3034 recte
980 2969 1140 3052 exposuit:
1172 2968 1282 3051 'quod

182 3092 341 3158 invidia
362 3092 534 3169 laborat,
559 3090 640 3154 cito
663 3089 832 3154 interit'.
877 3088 932 3153 cfr
956 3087 1020 3151 Cic.
1045 3088 1082 3150 de
1106 3085 1160 3151 Or.
1183 3085 1281 3164 1170,

145 3251 149 3258 ·
183 3213 259 3276 283:
284 3232 353 3275 eune
377 3211 520 3274 Scaurus
543 3231 607 3273 nou
629 3209 752 3272 uultum
774 3207 900 3271 liaberet
915 3207 1073 3270 iuvidiam
1088 3227 1127 3269 ex
1143 3227 1187 3288 eo,
1204 3204 1283 3291 quod

184 3332 380 3415 Ptrppe'oue's
404 3329 559 3413 Pompeii,
575 3329 740 3412 locupletis
757 3327 905 3407 hominis,
920 3326 1002 3389 bonu
1017 3327 1086 3388 siue
1102 3329 1281 3389 testamento

178 3450 378 3535 possederat,
400 3447 482 3532 Nep.
506 3445 662 3528 Thrasyb.
686 3447 715 3524 4,
740 3447 756 3508 1
784 3445 885 3525 Quium
905 3441 1081 3526 (coronam)
1098 3443 1183 3528 quod
1197 3461 1282 3507 curor

186 3570 302 3633 cioiruu
336 3575 364 3632 et
396 3588 460 3630 riou
492 3568 541 3630 eis
574 3571 782 3648 eupreeserot,
821 3563 944 3626 uultum
973 3561 1084 3625 unaue
1117 3561 1279 3640 inuidiam,

185 3686 257 3751 Sen.
288 3686 349 3768 Ep.
381 3683 468 3749 CXV
498 3691 533 3748 tu
560 3685 643 3747 ullos
665 3704 730 3746 esse
753 3682 946 3746 conditionis
966 3681 1089 3765 peioris
1112 3681 1279 3757 cristianus,

185 3827 278 3893 quum
316 3806 371 3890 qui
407 3803 520 3868 tutent
553 3809 582 3867 et
614 3803 778 3867 miserium
811 3808 840 3864 et
873 3799 1032 3862 iusoidiuue
1072 3796 1129 3880 (sc.
1164 3793 1278 3877 avari)t
