2924 4950
231 332 353 401 18Ι

288 497 423 578 Deinde,
445 495 500 559 reti
521 495 701 580 pertuleris,
725 516 802 579 pros
824 495 904 558 cte'ce‘t
924 494 1024 576 famu,
1049 494 1171 558 labores

338 615 499 696 Herculis,
521 621 557 678 eet
579 613 698 678 scribet
719 614 873 677 ’muneris
896 613 1009 697 ecquid
1029 612 1165 694 leubes?’,

289 733 422 798 Cernere
444 734 493 796 reti
511 734 619 817 possis
640 732 760 796 rnttnre
784 732 924 796 custodis
946 733 1062 814 ornere,

227 873 262 915 10
339 851 458 936 Captus
480 858 508 915 et
530 851 687 914 inurenda
710 871 793 935 saepe
816 852 913 914 latere
936 851 1032 914 eaeo?

290 969 388 1049 Quum
414 991 486 1033 core
508 969 601 1043 semet
623 970 658 1032 ire
681 977 744 1033 toto
766 990 830 1033 noe
853 971 987 1032 uertitur
1009 969 1114 1032 aeno!

336 1090 367 1153 A
384 1095 530 1172 pereunt,
554 1089 583 1151 se'
605 1109 683 1173 quos
706 1090 806 1152 terrun
831 1090 941 1152 cteresa
964 1088 1072 1151 ieret!

286 1224 339 1289 Sic
371 1225 467 1306 vulgo
502 1225 636 1288 eduntur
669 1225 704 1289 hi
737 1247 855 1289 versus.
903 1224 948 1288 Et
975 1223 1036 1288 hoc
1064 1223 1169 1302 mode,
1196 1227 1282 1306 puto,

185 1345 321 1409 editores
345 1366 398 1407 eos
420 1343 658 1408 intellexeruut:
683 1342 778 1409 ’Num
801 1343 968 1426 quisquam
988 1342 1143 1424 ingenuus
1168 1343 1222 1405 dat
1244 1381 1281 1389 -

184 1468 216 1527 et
249 1463 364 1544 quaerit
386 1503 435 1541 -‚
458 1467 494 1527 ut
527 1463 648 1542 deinde,
681 1462 736 1526 ubi
768 1462 936 1546 pertuleris
967 1461 1094 1525 labores
1124 1461 1282 1538 Herculis,

184 1582 303 1646 scribat
326 1620 364 1628 -
388 1585 420 1645 et
441 1582 544 1663 possis
567 1604 695 1646 cernere
711 1621 750 1630 —-
768 1586 800 1646 et
822 1581 952 1646 latere‘?
989 1582 1034 1646 At
1053 1603 1129 1645 vero
1145 1582 1172 1645 si
1188 1581 1282 1645 omit-

182 1702 289 1779 timus,
320 1701 550 1766 intricatiorem
580 1701 668 1765 illam
698 1701 965 1766 constructionem
993 1701 1103 1778 videri,
1132 1723 1226 1782 quam
1248 1705 1283 1764 ut

182 1819 260 1882 ferri
294 1824 398 1900 queat,
432 1843 471 1884 ne
504 1820 574 1883 fieri
607 1821 734 1902 quidem
761 1824 877 1902 potest,
899 1824 935 1883 ut
957 1820 990 1882 in
1012 1819 1281 1884 enuntiationibus

183 1938 376 2002 secundariis
403 1939 540 2002 secunda
562 1961 698 2020 persona
720 1939 809 2003 verbi
832 1942 968 2020 ponatur
991 1934 1120 2022 (possis
1140 1940 1281 2022 pertule-

183 2057 256 2139 ris),
287 2061 457 2140 postquam
487 2058 520 2120 in
550 2058 701 2138 primaria
724 2058 767 2121 de
798 2059 928 2121 eodem
950 2057 1046 2121 tertia
1068 2057 1212 2121 adhibita
1234 2063 1282 2122 est

181 2197 318 2257 persona
340 2175 513 2259 (inperciens
536 2176 601 2256 etot,
624 2175 764 2261 quaerit).

284 2294 408 2370 Quanto
431 2317 507 2359 vero
530 2295 704 2378 simplicius
729 2295 838 2359 videor
859 2295 937 2359 mihi
959 2317 1082 2359 sumere
1105 2295 1220 2360 delente
1243 2297 1282 2360 ad

159 2383 352 2496 'pertuleris
378 2435 411 2477 se
435 2414 605 2496 applicare,
628 2419 660 2477 et
681 2421 717 2477 ret
739 2414 867 2496 screbat,
888 2422 924 2478 nt
941 2417 1050 2498 possis
1072 2437 1088 2477 e
1109 2416 1282 2498 pertuleris

181 2532 332 2613 pendere!
378 2531 458 2596 Tum
489 2556 565 2597 vero
597 2534 798 2615 cogitandum
829 2538 877 2597 est
899 2557 1025 2598 versum
1049 2535 1085 2597 ll
1111 2556 1180 2598 esse
1203 2557 1280 2616 apo-

181 2650 272 2714 dosin
294 2672 442 2714 versuum
465 2651 678 2732 superiorum:
701 2653 755 2716 rebi
776 2653 963 2736 pertuleris:
985 2674 1079 2736 pecore
1096 2674 1168 2715 cure
1183 2655 1279 2716 certi-

181 2771 253 2833 ear!
302 2769 360 2832 Vbi
386 2791 457 2833 cum
479 2771 680 2834 coniunctivo
702 2771 870 2852 potentiali
891 2794 956 2835 non
977 2772 1110 2835 multum
1134 2772 1240 2836 differt
1262 2795 1280 2835 a

180 2888 327 2951 vocabuli
350 2890 380 2952 si
401 2887 563 2952 notione¹.
607 2889 650 2952 Et
678 2912 753 2953 sane
780 2889 841 2953 hoc
869 2889 993 2953 videtur
1015 2889 1094 2952 mihi
1116 2912 1184 2953 esse
1209 2913 1278 2953 ver-

180 3029 272 3069 suum
299 3008 402 3069 3-12
430 3012 665 3088 argumentum:
694 3007 731 3071 'si
758 3007 827 3088 quis
858 3029 921 3084 eae,
948 3030 1018 3088 quae
1048 3009 1278 3086 describuntur,

180 3122 342 3187 molestias
377 3122 417 3187 ob
451 3146 592 3188 amorem
624 3124 742 3203 tulerit,
776 3146 848 3188 care
881 3125 959 3188 emit
990 3126 1137 3189 noctem'.
1181 3127 1225 3196 Et
1247 3127 1279 3189 in

180 3241 262 3306 hanc
285 3243 455 3307 verborum
478 3243 705 3308 cohaerentiam
728 3267 777 3308 vv.
802 3246 884 3308 3-6
907 3243 1092 3309 sine'dubio
1115 3245 1279 3328 redigendi

179 3365 261 3424 sunt.
305 3361 411 3444 Atque
444 3363 566 3426 conicio
598 3365 775 3448 quisquam,
804 3386 862 3446 pro
890 3386 952 3445 qua
974 3387 1051 3428 voce
1074 3364 1195 3428 familia
1216 3363 1278 3428 DV

178 3479 301 3561 praebet
335 3503 527 3566 preurepenun,
561 3505 630 3546 esse
663 3505 759 3565 prave
793 3483 946 3566 scriptum
976 3506 1033 3566 pro
1061 3484 1198 3567 petendo.
1242 3482 1278 3546 ld

180 3599 263 3661 enim
294 3600 483 3664 vocabulum
513 3605 590 3665 nota
617 3618 657 3687 qu
680 3602 887 3680 scribebatur,
911 3625 1005 3684 quam
1027 3603 1107 3666 alter
1128 3602 1277 3666 librarius

177 3717 282 3798 potuit
305 3721 483 3804 quisquam,
507 3720 587 3784 alter
610 3744 791 3807 quaeratione
810 3744 900 3785 secus
915 3721 1127 3804 interpretari.
1161 3721 1277 3786 Varia-

177 3836 297 3899 tiouem
320 3836 408 3899 illam
431 3840 559 3922 petendo
582 3843 740 3926 e'uperrreus
762 3841 818 3904 etot
840 3844 872 3903 et
895 3839 948 3903 uti
970 3840 1084 3903 deiude
1105 3842 1278 3923 pertuleris

178 3975 249 4016 cum
271 3977 359 4018 more
382 3956 542 4039 Propertii
565 3959 743 4023 consentire
767 3960 836 4040 quis
859 3956 1003 4022 nescitP²

281 4110 288 4138 ¹
308 4115 352 4160 Otr
370 4116 492 4176 Dumana,
511 4116 607 4174 syntax
624 4116 717 4187 11¹567
737 4130 774 4174 sq.

280 4193 290 4222 ²
308 4199 352 4244 Cfr
370 4201 530 4262 Huurzsuns,
549 4203 599 4248 vol.
619 4202 631 4246 Ι
649 4217 673 4262 p.
695 4204 750 4261 116,
768 4202 906 4258 Posromn,
925 4201 1103 4247 Introduction
1123 4215 1165 4260 pp.
1180 4202 1226 4247 124
1238 4215 1276 4259 sq.
