2924 4950
359 366 399 424 48

417 531 630 615 Interpretor:
652 532 834 598 'Amorem
856 535 1048 614 insanum,
1064 556 1137 617 quo
1160 556 1268 599 nemo
1288 534 1420 600 adhue

316 652 449 734 potuit
470 674 527 716 me
549 653 736 731 liberare,
751 653 834 735 ipse
850 653 926 717 iam
942 653 1119 736 neglego,
1136 676 1207 717 non
1222 653 1331 718 ferro
1347 676 1419 718 ne-

317 793 386 852 que
415 771 505 854 igne
537 776 693 836 ooaotus
725 770 757 850 (i.
782 793 808 835 e.
832 772 898 836 sine
920 772 1059 837 remedio
1083 772 1277 837 extrinsecus
1299 773 1420 854 petito)

316 893 353 952 et
383 912 602 971 quanquam
631 890 727 953 mari
750 912 837 954 vere
860 890 999 973 Aegaeo
1026 891 1240 974 naufragus
1263 892 1321 956 fui
1343 893 1364 956 i.
1390 916 1419 956 e.

317 1029 497 1089 quanquam
528 1013 659 1091 propter
694 1009 865 1072 maximum
899 1031 1039 1073 amorem
1066 1010 1099 1073 iu
1127 1008 1296 1092 Cynthiam
1317 1011 1420 1092 perfi-

316 1126 387 1189 dam
423 1131 455 1191 et
477 1149 595 1192 saevam
622 1127 661 1191 ad
683 1127 828 1191 ultimam
850 1127 1101 1210 desperationem
1124 1129 1275 1193 adductus
1296 1129 1354 1207 fui,
1379 1129 1422 1193 id

315 1245 414 1326 quod
446 1267 502 1308 me
529 1245 644 1309 fateri
666 1267 823 1310 necesse
847 1246 923 1310 est'.
968 1248 1084 1331 Aepoeu
1107 1268 1191 1331 aquo
1214 1248 1335 1311 dictum
1358 1253 1421 1326 est,

315 1368 351 1427 ut
384 1364 509 1446 sapius,
543 1386 601 1446 pro
635 1363 731 1427 'mare
761 1364 993 1446 periculosum,
1017 1365 1090 1446 quia
1112 1365 1173 1430 hoc
1195 1389 1281 1430 mare
1303 1366 1422 1430 insulis

315 1504 351 1545 ao
375 1482 514 1564 seopulis
538 1487 586 1546 est
607 1482 736 1565 plenum
757 1483 1062 1565 tempestatibusque
1079 1484 1234 1548 crebrum.
1269 1483 1325 1548 Ofr
1337 1485 1422 1549 Hor.

315 1599 373 1664 Od.
397 1599 429 1664 Π
452 1602 501 1680 16,
526 1602 541 1664 1
567 1624 650 1684 sqq:
766 1596 768 1600 ’

517 1772 624 1836 Otium
646 1772 736 1835 divos
758 1779 849 1854 ioqui
872 1774 906 1835 iu
928 1770 1053 1857 potenti

516 1889 659 1954 Praisos
683 1891 805 1973 Aegion,
829 1891 925 1954 simul
948 1898 1021 1954 otro
1044 1890 1141 1955 arides
1225 1950 1233 1966 ,

520 2007 671 2071 Condidit
695 2008 804 2071 irinum
826 2029 925 2092 neque
949 2017 1033 2072 certo
1053 2009 1180 2092 fulgent

672 2125 789 2190 Sidera
811 2129 931 2207 nautio,

314 2293 362 2359 nr
384 2296 435 2374 29,
459 2298 499 2360 aa
521 2244 606 2379 sqq:

520 2467 608 2530 Turio
630 2490 677 2533 uie
700 2469 828 2533 biremis
845 2469 1003 2553 prasidio
1025 2470 1151 2553 soopdoe

564 2587 679 2650 Tutum
696 2608 759 2671 per
781 2588 913 2671 Aequus
935 2588 1088 2651 turnultus

610 2707 704 2770 Ariru
724 2705 808 2787 ferei
828 2706 1184 2815 perniuiisque'Pollux,

317 2905 478 2970 Claudiam
502 2904 578 2971 XXI
600 2910 660 2972 287
685 2932 769 2991 sqq:

811 3063 894 3125 uelut
917 3062 1037 3125 orditer
1059 3063 1138 3142 uiui,

464 3178 598 3243 Nubilus
621 3181 734 3262 Aepoeo
758 3201 852 3264 quum
874 3180 998 3244 turbine
1021 3189 1112 3244 aeaut
1137 3180 1246 3263 Orion,

458 3298 585 3380 Exiguo
609 3299 691 3361 elavi
711 3297 797 3380 flexu
820 3299 959 3364 declinat
982 3321 1138 3384 (aquarum

464 3416 611 3481 Verbera.

415 3617 491 3693 Quis
514 3641 589 3684 vero
611 3621 712 3695 nescit
734 3624 844 3702 poetas
867 3620 1019 3684 translate
1040 3620 1163 3685 locutos
1187 3643 1255 3685 esse
1278 3621 1316 3686 de
1331 3623 1412 3686 mari

313 3736 490 3819 procelloso
520 3741 614 3818 atque
642 3738 680 3800 de
702 3738 878 3820 naufragio,
903 3761 973 3802 oum
994 3739 1135 3820 pericula
1157 3743 1253 3821 atque
1274 3740 1410 3804 infortu-

313 3855 366 3918 nia
397 3855 557 3919 dicerent?
600 3855 698 3919 Velut
728 3856 879 3920 Horatius
904 3857 988 3921 claro
1010 3857 1066 3921 illo
1090 3858 1227 3922 carmine
1250 3856 1308 3922 Od.
1331 3856 1347 3922 l
1370 3859 1408 3922 13

313 3973 360 4036 rei
391 3972 527 4054 publicae
560 3973 736 4054 perieulum
769 3975 826 4038 sub
860 3975 997 4057 imagine
1031 3976 1229 4058 tempestatis
1257 3976 1406 4058 depingit,

314 4114 408 4172 quam
430 4092 554 4175 inipso
577 4091 632 4156 illo
656 4093 735 4156 mari
757 4091 877 4175 Aegaeo
901 4094 1084 4158 saevientem
1105 4096 1182 4160 faoit
1198 4094 1261 4176 (vv.
1278 4095 1317 4158 19
1332 4091 1404 4175 sq.):
