2924 4950
223 333 263 389 38

177 488 180 493 ⁵
279 498 356 574 Quae
389 498 435 562 ita
469 497 622 580 explices:
655 495 698 560 ‘si
730 497 854 578 quando
886 499 1009 560 amator
1031 494 1172 559 mulieris
1194 493 1279 558 illius

179 618 354 701 superciliis
388 617 485 681 verba
517 638 633 680 areana
665 614 733 698 (alii
765 614 879 697 puellae
911 614 1011 679 mittit
1041 613 1086 695 et)
1120 613 1256 678 remittit
1319 607 1327 617 ”

179 735 230 799 vel
251 735 358 817 digitis
382 734 427 817 (in
449 733 571 816 mensa)
593 734 691 798 tacite
712 734 882 816 perscribit
903 733 1027 797 litteras
1048 732 1223 814 tegendas'

66 920 69 925 .
282 870 402 934 Notare
434 875 482 934 est
512 869 658 951 scribere,
689 868 776 933 volut
797 866 928 933 Ovidius
951 867 1030 932 dixit
1051 875 1163 933 notare
1186 869 1280 932 verda

181 988 254 1071 (Ep.
284 986 362 1052 XVI
395 986 514 1070 (XVII)
548 989 598 1066 80,
631 985 671 1051 A.
705 1009 732 1050 a.
766 984 798 1050 ΙΙ
830 987 901 1063 596,
934 985 1007 1050 Am.
1040 984 1056 1050 I
1083 987 1113 1065 4,
1137 985 1202 1068 20),
1226 987 1280 1055 lit-

181 1115 267 1171 teras
289 1106 362 1189 (Ep.
375 1104 421 1170 HI
453 1105 474 1188 ).
515 1105 559 1170 Et
582 1108 703 1190 scripta
725 1105 785 1168 hoc
808 1104 878 1169 loco
901 1109 974 1169 sunt
990 1104 1172 1169 litterarum
1187 1112 1280 1170 aotae.

182 1226 258 1301 Quae
292 1224 482 1308 significatio
515 1223 609 1306 paulo
644 1227 691 1287 est
723 1223 914 1302 inusitatior,
946 1224 1001 1287 sed
1023 1227 1197 1306 suppetunt
1210 1224 1281 1300 >duo

182 1345 336 1427 exempla,
359 1342 416 1408 Ov.
440 1343 500 1426 Ep.
516 1341 595 1407 Xll
620 1345 649 1407 ai
671 1365 734 1427 qua
753 1320 861 1407 'ramea
885 1344 975 1407 cacis
991 1343 1143 1407 errabant
1158 1345 1283 1428 scripta

156 1523 159 1529 .
182 1465 305 1527 lituris·
324 1468 356 1527 et
389 1461 453 1526 Cic.
486 1484 544 1544 pro
574 1460 688 1525 Caecin.
711 1462 762 1540 23,
787 1461 847 1525 165
869 1463 1025 1546 scriptam
1048 1463 1137 1547 sequi
1159 1463 1282 1526 calum-

181 1585 320 1647 aiatoris
342 1604 417 1665 esse,
439 1582 494 1646 ubi
515 1604 573 1665 pro
596 1582 715 1664 scripto
738 1585 811 1645 ante
834 1580 957 1645 dixerat
978 1581 1072 1645 acrba
1094 1588 1123 1644 ct
1145 1582 1282 1645 litterae.

182 1701 328 1766 Ceterum
358 1702 494 1766 fortasse
515 1701 550 1764 in
572 1698 684 1764 Graeco
707 1698 881 1782 exemplari
902 1702 1065 1784 γράμματα
1084 1702 1157 1764 'erat
1179 1700 1282 1783 scrip-

181 1827 258 1899 tum,
283 1822 366 1902 quod
387 1824 482 1903 poeta
504 1821 543 1884 ad
565 1819 697 1884 verbum
720 1819 884 1901 expressit.

287 1957 394 2020 Tacite
425 1957 514 2020 iuxta
543 1956 671 2020 silenda
702 1956 841 2037 positum
863 1978 926 2020 non
949 1954 1101 2032 abundat;
1124 1955 1286 2020 namhoc

183 2076 280 2139 verbo
313 2075 510 2157 significatur
543 2075 641 2139 tacita
672 2055 728 2138 illa
749 2074 840 2157 signa
859 2052 996 2157 orodere
1018 2097 1082 2139 non
1103 2075 1200 2139 licere
1222 2098 1285 2158 pu-

184 2195 263 2259 ellae.
308 2194 362 2259 cfr
384 2195 480 2258 etiam
502 2192 607 2258 Ovidii
629 2194 685 2258 issa
706 2194 816 2258 verba:
840 2194 899 2258 titi
920 2195 1020 2258 attrita
1044 2195 1116 2258 iicet
1138 2215 1284 2259 sermone

183 2315 357 2378 lateritia
380 2320 475 2378 tecto
497 2314 625 2377 Dicere.

281 2432 411 2502 Litterae
446 2433 540 2496 tacite
570 2436 601 2496 et
632 2437 706 2495 tuac
734 2431 860 2514 scriptas
884 2431 936 2495 vix
960 2430 1129 2509 distabant,
1153 2435 1188 2495 ut
1211 2454 1286 2496 cor-

155 2571 158 2579 ·
182 2552 287 2633 ruptio
309 2551 402 2615 facile
425 2551 576 2634 explicari
597 2573 690 2633 posse
715 2550 868 2615 videatur.

187 2806 190 2813 ·
283 2808 339 2868 111
361 2809 394 2884 a,
418 2808 533 2869 r--ao,

287 2940 402 3004 Omnia
424 2964 488 3006 aaa
505 2945 633 3026 pariter·
655 2964 761 3006 rcrraa
784 2951 858 3007 secret
881 2944 1024 3008 oraaidrrs
1047 2952 1134 3028 apta,

336 3060 439 3123 diona
462 3082 518 3124 acc
540 3083 578 3125 ea
601 3083 688 3146 aequo
711 3061 841 3125 (iracitur
863 3062 932 3126 iilia
955 3064 1039 3145 iaqa
1152 3102 1155 3107 ·

285 3179 399 3242 Gloria
423 3180 567 3264 Lysippo
591 3187 636 3243 est
658 3181 805 3244 arrianosa
828 3180 978 3263 efflorere
1001 3184 1104 3266 siano,

229 3320 262 3361 ro
333 3299 462 3361 discretis
487 3299 627 3362 Calamis
649 3321 681 3362 se
703 3299 783 3362 arilei
805 3302 904 3363 iactat
927 3302 1026 3385 eqais,

283 3416 323 3480 Ia
354 3417 485 3481 Veneris
508 3417 615 3481 tabula
638 3439 793 3482 sar-aiaraci
815 3418 876 3482 siti
893 3421 998 3502 poscit
1023 3421 1159 3503 Apellea,

334 3536 533 3600 Parrhasias
550 3557 658 3620 parea
680 3537 823 3600 eradicat
845 3544 914 3600 arte
937 3539 1047 3616 iocara,

282 3659 481 3738 rlrfflrraenta
503 3657 606 3739 rnaqis
628 3663 703 3719 scirit
727 3656 884 3720 Mentoris
907 3656 1020 3720 addita
1041 3657 1164 3737 forma,

336 3776 378 3837 At
400 3774 493 3857 Myos
516 3776 664 3859 caiaziam
686 3774 785 3856 flectit
808 3774 964 3838 acaatiras
989 3777 1056 3856 iter,

230 3915 262 3956 ra
286 3893 464 3957 Phidiacus
486 3896 577 3977 siano
600 3915 632 3957 se
655 3893 803 3978 litorariis-r·
825 3900 920 3957 oraat
943 3893 1069 3975 eburno,

278 4096 294 4127 ·¹
314 4101 359 4146 co·
377 4099 462 4146 Ovidii
480 4113 585 4146 versum
604 4101 656 4146 iam
674 4101 845 4161 exscriptum:
865 4102 950 4161 corripe
967 4102 1080 4158 fratirao
1097 4105 1120 4145 et
1138 4102 1205 4158 refer·
1223 4104 1282 4162 ipsa
