2924 4950
1069 371 1107 428 59

55 533 137 615 Ergo
172 535 211 598 17
243 558 289 616 sq.
321 538 394 616 post
426 535 465 597 12
496 535 723 618 transponendi
745 540 826 600 sunt.
872 535 1045 600 Confirmat
1068 537 1152 601 enim

55 653 134 734 quod
158 677 187 718 v.
213 655 251 718 12
275 654 482 718 contenderat
500 654 685 737 Propertius
699 653 749 718 his
765 655 908 719 versibus
924 655 976 736 (17
994 654 1064 738 sq),
1081 657 1151 738 qui-

54 771 108 836 bus
131 773 264 854 exponit
285 794 319 836 se
340 772 402 838 hoo
424 773 528 855 ipsum
550 795 608 837 usu
631 778 796 854 expertum
819 796 898 838 esse.
923 813 960 821 -
984 774 1089 839 Versu
1112 776 1151 839 15

55 891 142 972 quasi
166 891 204 954 de
226 892 350 973 integro
374 913 504 956 exorsus
521 895 618 973 poeta
633 882 670 955 de
687 892 822 956 avaritia
836 892 1013 975 puellarum
1029 893 1151 957 infinite

56 1011 205 1092 queritur.
249 1008 300 1074 Ad
321 1009 403 1073 hano
426 1015 550 1093 partem
571 1032 680 1074 versus
703 1011 743 1073 29
766 1033 813 1092 sq.
836 1012 917 1075 bene
941 1012 1098 1093 quadrant
1120 1016 1153 1076 et

56 1130 180 1211 quidem
205 1129 322 1212 optime
353 1133 427 1211 post
461 1131 497 1193 16
526 1133 692 1211 ponentur.
738 1128 908 1211 Cynthiam
930 1154 1039 1196 rursus
1062 1130 1151 1194 adlo-

56 1248 161 1330 quitur
183 1248 325 1312 versibus
349 1250 389 1312 23
411 1271 480 1329 sqq.
503 1249 650 1312 iniuriam
674 1250 740 1313 eius
764 1248 824 1329 (cfr
839 1274 868 1314 v.
885 1249 939 1331 31)
957 1250 1151 1314 notantibus.

155 1365 285 1430 Summa
307 1368 454 1431 carminis
478 1390 514 1431 eo
537 1368 631 1432 modo
655 1369 799 1451 dispositi
821 1369 890 1434 haec
913 1373 975 1433 est:

157 1487 255 1550 1-6:
279 1486 403 1551 Praetor
426 1486 595 1568 Cynthium
616 1488 751 1570 pecunia
773 1488 858 1552 vicit.
893 1489 1010 1552 7-10:
1033 1492 1069 1552 tu
1090 1489 1153 1570 igi-

54 1609 114 1684 tur,
148 1604 295 1688 Cynthia,
326 1607 410 1671 omni
440 1607 506 1671 eius
528 1608 663 1690 pecunia
684 1612 776 1689 rapta
798 1609 900 1691 ipsum
923 1608 1024 1672 mitte.
1072 1610 1153 1672 11-

56 1724 104 1802 12,
134 1728 265 1789 17-18:
296 1723 381 1788 Nam
411 1724 548 1808 Cynthia
574 1725 654 1789 nihil
677 1731 766 1790 curat
787 1727 848 1790 nisi
870 1727 1046 1809 pecuniam.
1072 1729 1152 1792 13-

56 1843 104 1906 14.
149 1841 207 1907 Ille
239 1847 344 1907 autem
375 1844 520 1926 cupidine
549 1845 691 1908 membra
724 1848 865 1928 rumpat!
890 1880 929 1888 -
953 1846 1087 1922 15-16,
1111 1851 1153 1912 29

56 1965 151 2040 -30,
187 1962 323 2026 19ψ22ε
357 1962 445 2044 Ergo
479 1962 581 2043 quivis
613 1985 753 2026 amorem
784 1963 874 2028 donis
905 1985 1008 2027 emere
1031 1967 1153 2046 potest!

56 2079 149 2143 Dona
181 2084 288 2144 tamen
320 2104 404 2163 saepe
437 2083 518 2144 fiunt
547 2082 734 2163 perniciosa.
786 2081 917 2146 Vtinam
946 2105 1039 2146 nemo
1071 2087 1155 2147 esset

57 2199 158 2263 dives!
203 2198 284 2263 Tum
315 2200 429 2282 puellae
461 2204 567 2264 essent
590 2205 695 2278 oastae,
718 2202 856 2264 23-28:
881 2201 977 2265 etiam
998 2205 1043 2279 tu,
1068 2201 1153 2283 Cyn-

56 2315 124 2379 thia
135 2314 156 2395 1,
180 2338 274 2397 quam
296 2339 378 2380 nuno
400 2316 453 2380 ille
476 2317 640 2396 barbarus,
664 2340 726 2398 qua
743 2321 778 2380 tu
794 2339 826 2380 es
842 2318 981 2397 levitate,
1000 2319 1151 2401 possidet.

59 2432 213 2517 [31-42:
244 2433 284 2498 Se
315 2437 383 2518 ipse
415 2441 542 2500 accusat
570 2436 764 2518 Propertius.
809 2437 949 2501 43-56:
972 2438 1057 2502 mala
1080 2443 1155 2503 vota

57 2553 90 2616 in
112 2553 281 2636 Cynthium
302 2553 405 2637 fauit]

156 2848 252 2909 1118
274 2848 307 2924 1,
329 2849 464 2910 ar-aa

200 2999 305 3061 Ausi
328 3000 459 3063 ceruleo
482 2999 628 3084 quaedum
650 3021 710 3063 suo
733 3006 876 3082 temporo
896 3000 972 3080 fuco

246 3117 402 3198 Tinteris,
424 3119 545 3182 idcirco
569 3119 687 3183 ooerrrlo
707 3118 815 3202 formo
837 3118 919 3181 boreo
943 3119 1011 3182 est?

155 3271 295 3335 Blnnnns
327 3271 466 3336 011011112
493 3273 649 3354 probante
677 3272 736 3336 hos
759 3294 867 3336 versus
889 3275 962 3354 post
984 3273 1024 3335 28
1047 3276 1153 3337 trans-

57 3391 170 3470 posuit.
214 3391 371 3472 Equidem
394 3414 448 3456 eos
470 3393 522 3456 vel
542 3396 616 3474 post
637 3392 678 3454 24
701 3390 785 3473 (oum
807 3389 983 3472 Summano)
1006 3391 1058 3454 vel
1081 3396 1154 3474 post

59 3514 96 3576 26
127 3512 213 3595 (eum
240 3511 434 3592 Laouunnuo)
461 3512 644 3576 inserendos
679 3533 747 3574 esse
781 3510 927 3573 arbitror.
976 3508 1060 3573 Nam
1093 3511 1153 3576 hae

58 3633 304 3714 interrogatione
327 3637 422 3714 poeta
444 3631 601 3695 luculente
624 3631 819 3694 demonstrat
840 3628 929 3691 illam
952 3628 1153 3712 deruentium,

59 3775 151 3834 quarn
181 3775 274 3817 versu
304 3753 345 3815 23
368 3752 512 3834 castigat.
557 3750 718 3814 Praeterea
737 3748 845 3829 formo
868 3747 950 3810 bonu
973 3770 1044 3812 oum
1066 3758 1153 3813 recta

57 3871 160 3956 liparo
192 3871 234 3953 (v.
258 3871 312 3953 25)
343 3876 375 3934 et
402 3871 534 3934 roeruleo
562 3869 637 3951 fuco
661 3891 731 3932 oum
754 3873 882 3930 externo
905 3868 1008 3930 nitore
1031 3866 1073 3949 (v.
1098 3867 1152 3950 24)

60 3995 89 4053 et
112 3992 260 4075 Belpious
284 3993 368 4055 color
390 3990 432 4072 (v.
456 3989 510 4071 26)
532 3989 701 4053 manifesto
724 3990 798 4052 sunt
821 3985 1050 4069 coniungenda.

160 4162 168 4191 1
186 4166 249 4211 Vide
268 4176 347 4222 supra
364 4177 390 4222 p.
411 4164 450 4210 12.

159 4244 169 4276 ²
187 4247 364 4298 Versumstell.
383 4247 396 4292 Ι
414 4261 438 4311 p.
461 4249 497 4296 13.
