2924 4950
359 344 397 400 60

416 515 453 575 11
475 515 526 590 ar,
549 514 644 576 5-a.

376 648 438 712 Seu
457 648 593 733 pedibas
616 647 754 711 Parthos
775 649 938 732 sequimur
960 669 1015 711 sea
1038 650 1137 713 classe
1159 649 1352 732 Britannica,

416 767 458 831 ut
480 768 581 830 mores
604 773 633 829 et
654 773 748 830 terroe
771 788 853 830 creua
870 768 996 850 pericia
1018 769 1087 830 cire.

415 905 464 969 De
496 904 546 968 his
579 903 723 969 versibus
756 903 998 986 transponendis
1032 901 1135 968 ΟΤΤο1
1167 903 1238 968 haec
1269 905 1415 987 scripsit:

318 1023 372 1088 “In
404 1023 557 1088 walchem
594 1022 779 1087 Verhitltnis
816 1023 902 1087 steht
939 1023 995 1086 der
1031 1022 1101 1086 hier
1137 1024 1416 1106 ausgesprochene

315 1143 464 1208 Godanke
497 1166 535 1207 zu
568 1141 672 1206 seiner
704 1140 907 1223 Umgebung,
940 1141 1000 1205 wie
1033 1141 1154 1206 wachst
1184 1165 1219 1206 er
1252 1165 1309 1207 aus
1343 1145 1416 1207 dem

314 1263 607 1344 Vorhcrgehenden
639 1262 702 1325 und
735 1261 794 1324 wie
826 1261 917 1325 leitet
948 1282 982 1324 er
1012 1284 1082 1325 zum
1104 1261 1290 1344 Folgenden
1312 1263 1416 1326 iiber?

313 1381 388 1448 Und
420 1382 534 1445 nimmt
567 1404 601 1445 er
631 1381 720 1445 nicht
751 1381 811 1444 den
841 1378 947 1444 inhalt
976 1381 1030 1444 des
1052 1380 1205 1445 nachsten
1227 1380 1416 1446 Distichons

313 1501 431 1565 bereits
465 1523 603 1583 vorweg,
637 1499 764 1564 obwohl
797 1500 868 1563 dort
900 1522 1039 1564 rursus
1074 1504 1112 1564 et
1142 1500 1192 1564 die
1220 1500 1417 1583 Erwartung

313 1643 376 1685 von
407 1625 504 1684 etwas
532 1619 657 1684 Neuem
680 1621 807 1701 erregt?
851 1617 907 1683 Ich
929 1619 1016 1683 halte
1039 1619 1139 1698 daffir,
1163 1620 1213 1684 die
1234 1619 1417 1702 fraglichen

314 1740 415 1804 Verse
447 1739 591 1803 erhalten
621 1743 686 1802 erst
712 1739 795 1802 dann
816 1738 886 1802 ihre
910 1738 1100 1821 cigentliche
1124 1737 1264 1821 Geltung
1284 1739 1415 1818 wieder,

313 1880 406 1922 wenn
439 1858 484 1922 sie
517 1857 623 1921 hinter
655 1880 684 1921 v.
712 1858 731 1920 8
764 1856 876 1923 stehen
908 1858 972 1921 und
1003 1858 1074 1922 dort
1103 1857 1152 1921 die
1176 1855 1338 1922 Gcfahren
1360 1859 1415 1922 des

314 1977 449 2059 Krieges
472 1977 583 2041 weiter
604 1975 825 2040 illustrioren.“

414 2095 516 2160 Valde
538 2095 663 2174 mirum,
687 2096 771 2176 quod
793 2095 992 2160 doctissimus
1016 2095 1064 2159 vir
1085 2118 1149 2159 non
1171 2095 1250 2159 vidit
1275 2100 1417 2177 poetam,

315 2213 450 2278 varias
480 2213 592 2278 mortis
625 2235 735 2277 causas
768 2211 943 2294 (itinera,
976 2213 1138 2292 bellum,
1171 2213 1418 2292 incendium,

314 2332 521 2415 venenum)
555 2336 801 2412 enumerantem,
834 2333 978 2397 versibus
1012 2333 1031 2396 5
1063 2355 1109 2414 sq.
1140 2332 1310 2414 primum
1338 2333 1421 2398 illud

315 2475 425 2535 genus,
456 2453 600 2517 versibus
624 2455 641 2518 7
665 2477 710 2535 sq.
744 2453 916 2517 alterum
944 2452 1111 2532 indicasse,
1142 2473 1244 2534 neque
1275 2451 1343 2516 ulla
1363 2475 1419 2517 ra-

314 2572 401 2636 tione
433 2571 702 2635 enumerationem
729 2595 748 2635 a
769 2571 867 2636 verbo
899 2571 1026 2635 'rursus'
1052 2571 1237 2652 incipere
1258 2570 1416 2652 potuisse.

315 2689 363 2754 De
386 2691 633 2773 transpositione
655 2688 776 2772 igitur2
797 2713 837 2754 nc
860 2690 1063 2773 cogitandum
1086 2689 1222 2771 quidem.

415 2931 453 2992 ΙΙ
476 2931 529 2993 28.

416 3046 557 3110 Btuaaus
579 3069 688 3112 versus
711 3048 836 3112 33-46
858 3047 942 3111 inter
964 3071 993 3111 v.
1016 3049 1035 3110 2
1059 3051 1091 3111 et
1113 3049 1133 3111 3
1154 3047 1318 3130 ponendos
1342 3069 1419 3112 cen-

317 3170 375 3244 set,
405 3170 441 3230 ut
472 3188 542 3230 cum
572 3168 588 3229 1
619 3190 665 3248 sq.
698 3167 939 3248 coniungantur,
963 3165 1044 3230 Orro
1074 3165 1421 3245 autem,Pnssuarr1vu

317 3289 453 3364 secutae,
476 3285 537 3348 nisi
559 3287 600 3349 33
622 3309 668 3367 sq.
690 3286 724 3349 in
745 3285 829 3350 hunc
850 3287 956 3350 locum
977 3285 1140 3350 retrahere
1159 3307 1223 3349 non
1237 3284 1315 3363 vult,
1332 3286 1420 3366 quod

317 3402 427 3468 uersus
454 3405 578 3468 35-46
602 3428 620 3468 a
642 3427 789 3469 versuum
811 3407 831 3468 3
854 3428 922 3487 sqq.
947 3405 1079 3469 consilio
1102 3408 1134 3467 et
1156 3402 1262 3467 colore
1285 3425 1419 3484 prorsus

318 3523 542 3587 abhorreant?
587 3523 737 3599 Quamvis
760 3524 821 3588 hoc
845 3546 952 3587 verum
976 3523 1026 3602 sit,
1049 3526 1156 3585 tamen
1170 3521 1343 3586 tenendum
1359 3526 1419 3602 est,

317 3647 419 3707 totam
450 3643 538 3706 illam
571 3648 695 3725 partem
727 3642 879 3725 (33--46)
911 3665 982 3707 cum
1006 3644 1021 3704 l
1046 3665 1093 3723 sq.
1117 3641 1287 3705 cohaerere.
1332 3640 1420 3706 Nam

423 3811 630 3863 lVersumetell.
648 3817 661 3861 Ι
679 3831 704 3876 p.
726 3819 763 3862 14.

422 3895 432 3926 ²
450 3901 515 3947 Nam
533 3901 689 3962 Hrmnurcu,
708 3902 753 3960 qui
769 3901 818 3947 hos
837 3914 928 3946 versus
947 3903 1007 3959 post
1027 3901 1056 3945 12
1073 3899 1234 3959 transposuit
1247 3898 1419 3956 (Quantionee

320 3987 493 4047 Propertianno
511 4000 555 4046 pp.
576 3990 605 4033 16
625 3989 682 4047 sep),
700 3987 856 4033 refutatione
875 3986 967 4043 dignus
985 3999 1036 4031 non
1054 3988 1101 4031 cst.

424 4065 631 4119 ³Vereumstell.
650 4072 663 4118 I
680 4087 705 4131 p.
725 4074 768 4119 14:
798 4071 861 4118 “Est
885 4072 920 4116 ist
944 4071 999 4116 ihm
1026 4074 1181 4130 entgangen,
1209 4071 1270 4116 dass
1296 4070 1338 4116 dic
1355 4070 1419 4117 Idea

320 4158 374 4205 und
401 4157 447 4202 der
473 4169 555 4214 ganzo
582 4157 638 4202 Ton
665 4157 750 4203 dieser
776 4156 856 4202 Vcrae
883 4168 933 4201 von
958 4157 1017 4202 dem
1040 4169 1072 4202 zu
1090 4155 1192 4213 Anfang
1210 4155 1256 4201 dea
1275 4153 1418 4202 Gedichtes

321 4242 515 4290 hernschonden
533 4241 653 4300 ginalich
672 4242 842 4289 verschieden
860 4239 919 4289 ist“.
