2924 4950
222 372 262 429 46

181 559 293 602 saanru
326 537 536 620 explicatione
570 560 716 602 versuum
751 539 788 602 11
824 560 870 619 sq.
898 539 1045 620 probata:
1075 539 1186 619 'neque
1209 538 1281 620 igni

180 678 282 739 neque
317 656 402 721 ferro
435 659 538 748 tortus
564 678 666 737 neque
689 657 722 720 in
744 656 901 738 naufragii
922 657 1063 739 periculo
1086 657 1281 735 constitutus

181 776 253 858 cogi
275 778 348 839 aute
369 764 516 857 poteram
536 778 572 838 ut
593 775 711 839 faterer
733 775 802 839 haec
824 797 899 839 vera
922 798 1000 854 esse,
1016 799 1087 858 quae
1101 797 1185 839 nunc
1201 775 1280 853 dixi,

179 915 292 976 nempe
327 893 496 976 Cynthium
527 915 591 957 non
624 915 692 957 esse
724 893 915 958 formosam’.
960 893 1021 958 Sed
1052 899 1088 958 ut
1120 894 1283 972 omittam,

180 1013 264 1094 quod
286 1013 326 1076 ad
349 1019 378 1076 et
400 1011 442 1094 (v.
467 1009 519 1093 11)
536 1012 692 1094 particula
710 1012 847 1094 negandi
862 1012 1016 1076 audienda
1031 1016 1087 1093 est,
1104 1035 1166 1094 quo
1181 1013 1280 1076 modo

178 1131 283 1214 potuit
304 1131 469 1213 naufragio
493 1131 565 1213 cogi
587 1131 627 1194 ad
648 1131 810 1195 fatendum
833 1130 1001 1214 Cynthiam
1020 1131 1194 1196 formosam
1213 1153 1281 1195 non

180 1253 269 1314 esse?
312 1248 412 1314 Immo
435 1271 510 1314 nero
534 1271 601 1313 esse
620 1272 694 1313 eam
715 1249 896 1329 formosam,
919 1250 1001 1314 sicut
1023 1251 1101 1314 dixit
1123 1249 1139 1314 I
1163 1251 1213 1328 17,
1238 1250 1280 1312 16

179 1368 211 1431 id
232 1369 336 1450 ipsum
358 1367 516 1450 naufragii
538 1368 656 1432 malum
677 1390 805 1450 passus:

283 1520 432 1599 Quonrois
454 1520 548 1599 darre,
571 1527 675 1584 tamen
697 1543 777 1584 roro
794 1521 905 1604 puello
925 1520 1001 1601 fuit.

180 1687 301 1752 Deinde
325 1711 418 1770 quam
440 1688 547 1770 inepte
568 1689 635 1753 trec
657 1688 699 1768 (v.
725 1688 777 1771 11)
801 1689 976 1772 explicatur
999 1687 1178 1771 'Cynthiam
1200 1711 1281 1754 non

180 1829 248 1871 esse
280 1807 474 1885 formosam',
511 1830 582 1871 eum
615 1808 700 1892 qnod
730 1807 771 1889 (v.
796 1807 828 1889 9)
862 1786 1109 1889 intellegendum
1130 1806 1282 1871 videatur

181 1925 359 2008 'Cynthium
382 1949 451 1990 esse
473 1926 655 1990 formosam'
678 1926 730 1990 vel
753 1927 902 1990 'amorem
917 1949 1023 1991 meum
1037 1927 1070 1990 in
1085 1925 1281 2008 Cynthiam'.

181 2043 281 2120 Quid?
302 2045 401 2126 ’quod
433 2066 498 2108 noa
531 2019 611 2126 (reon
641 2044 742 2126 ferro,
775 2066 839 2108 non
865 2044 953 2129 ipae)
977 2046 1015 2109 de
1036 2044 1205 2127 participio
1231 2066 1281 2108 co·

180 2171 270 2227 octus
301 2163 460 2227 revulsum
493 2163 590 2227 verbo
616 2163 743 2246 fatetur
769 2163 956 2242 obtruditur,
980 2163 1070 2244 quasi
1091 2136 1282 2246 Propertius

181 2282 284 2346 dicere
306 2281 411 2361 vellet,
434 2282 554 2346 ferrum
577 2285 609 2346 et
630 2277 736 2364 ignem
760 2303 828 2346 esse
850 2282 883 2345 in
905 2304 938 2346 se
962 2281 1126 2367 adhibita?

280 2432 427 2498 Ceterum
448 2433 567 2499 habent
590 2434 713 2523 codices
741 2434 834 2498 cerba
854 2434 988 2517 fatebor,
1011 2457 1075 2499 non
1097 2455 1172 2498 ocra
1192 2435 1281 2517 fote-

180 2553 246 2617 tor.
292 2552 361 2628 Qua
381 2553 518 2617 lectione
540 2557 665 2617 retenta
686 2553 866 2617 Hrnrzarao
889 2557 921 2616 et
943 2552 1043 2616 Praxi
1066 2557 1161 2634 atque
1176 2576 1283 2637 nuper

180 2671 331 2734 Posrcnrr
365 2693 473 2735 versus
497 2672 599 2735 9-12
623 2672 861 2750 coniunxerunt,
884 2671 962 2735 illud
984 2693 1053 2756 qum
1076 2671 1281 2751 attractione,

180 2811 249 2883 quae
273 2793 415 2869 vocatur,
438 2790 478 2853 ad
500 2789 593 2853 verto
614 2790 750 2854 relatum
772 2793 960 2854 statuentes:
1054 2812 1056 2818 ’

284 2959 374 3038 Quod
395 2959 476 3048 mihi
497 2980 561 3023 aon
583 2960 687 3043 patrii
703 2967 855 3043 poterunt
878 2966 1018 3022 auertere
1041 2960 1148 3039 orrici,

330 3078 447 3141 Etzrerc
469 3084 526 3141 ortt
548 3085 635 3159 costo
664 3077 817 3141 Thessalo
840 3098 918 3162 sapa
941 3079 1035 3159 muri,

280 3196 360 3259 Hoec
383 3217 447 3278 epo,
469 3217 534 3258 non
554 3195 654 3277 ferro,
677 3216 742 3259 non
764 3197 836 3279 ique
860 3202 996 3277 coactus,
1021 3197 1145 3279 etipsa
1213 3229 1215 3232 ⁴

335 3312 529 3398 Naufragus
553 3314 670 3398 Aequa
693 3314 787 3378 verbu
807 3314 933 3397 fatebor
954 3335 1049 3398 aquo.

279 3498 359 3562 Haec
387 3499 565 3563 Hunrzanaa
593 3500 638 3564 sic
666 3500 732 3564 fere
755 3500 898 3583 exponit:
923 3499 1089 3563 ’illecebris
1111 3499 1184 3578 tuis,
1208 3500 1279 3582 qui·

179 3618 238 3681 bus
268 3639 369 3698 neque
404 3618 496 3682 amici
523 3640 624 3700 neque
647 3619 859 3683 veneficarum
881 3623 964 3682 artes
986 3617 1122 3681 liberare
1144 3639 1195 3680 me
1217 3641 1278 3700 po-

179 3739 293 3815 terant,
322 3736 463 3815 abiectis
486 3737 559 3816 iam,
582 3759 648 3807 non
669 3742 797 3801 coactus
818 3737 903 3801 ferro
927 3740 980 3800 aut
1001 3735 1086 3818 igne,
1108 3735 1163 3800 sed
1182 3736 1278 3815 ultro,

179 3854 357 3936 superiores
379 3855 450 3918 illas
472 3855 581 3932 laudes
603 3877 691 3919 mera
713 3856 811 3920 verba
832 3855 930 3919 fuisse
952 3853 1087 3932 fatebor,
1111 3824 1211 3918 vel'si
1234 3855 1278 3919 dii

179 3971 261 4036 sicut
294 3973 370 4038 olim
393 3970 421 4055 (I
445 3971 498 4054 17)
520 3996 570 4037 me
593 3974 760 4056 naufragio
783 3974 927 4038 affecturi
950 3973 1013 4037 sint
1034 3976 1166 4054 propter
1189 3971 1276 4056 Cyn-

178 4090 279 4154 thiam
311 4114 330 4154 a
359 4113 409 4156 me
442 4091 606 4156 relictam'.
649 4091 694 4157 At
723 4093 805 4157 unde
839 4091 1026 4175 'superiores
1048 4090 1112 4154 illae
1134 4091 1276 4156 laudes'P

178 4207 228 4272 Ne
259 4208 401 4274 litterula
423 4210 548 4292 quidem
571 4210 685 4274 horum
708 4210 876 4275 verborum
899 4211 982 4292 apud
1003 4208 1205 4290 Propertium
1226 4210 1276 4274 in·
