2924 4950
1188 383 1227 438 45

181 542 260 624 quod
282 544 424 620 vocatur,
447 564 464 604 e
487 563 579 605 versu
601 543 691 603 sexto
713 539 871 623 intellegit
892 541 1057 623 Amorem3
1080 547 1162 622 mule
1185 570 1271 612 sane.

180 660 220 726 At
250 661 380 727 tametsi
413 659 580 742 Cynthium
613 660 652 723 ad
685 659 782 723 verba
804 660 946 726 admittit
968 667 1000 727 et
1021 667 1149 747 6666666
1171 668 1273 731 audiri

182 795 301 859 censeo,
334 802 397 845 vox
430 781 534 843 omiou
566 779 599 841 in
630 801 723 842 versu
756 783 868 844 octavo
891 781 967 845 satis
989 776 1106 848 bonam
1127 787 1270 867 preebere

181 901 364 965 sententiam
385 898 465 962 mihi
487 897 619 962 videtur.
663 895 747 960 Nam
769 898 985 980 significanter
1006 901 1039 964 in
1061 903 1123 967 fine
1146 906 1271 969 additur

180 1020 244 1085 haee
274 1043 337 1085 vox
372 1018 486 1083 acerbo
519 1017 570 1081 vel
607 1016 802 1098 queribundo
832 1019 982 1099 quodam‘
997 1042 1105 1085 sensu:
1136 1022 1270 1104 ’quan-

181 1163 289 1221 quam
319 1139 446 1203 amica
466 1159 546 1201 mee
569 1140 627 1200 est
650 1139 686 1200 et
708 1141 886 1216 vocatur,
909 1142 1040 1202 tamen
1066 1143 1143 1204 tam
1165 1143 1269 1206 diffi-

180 1262 271 1325 eilis
294 1260 380 1326 est’.
424 1257 535 1340 Itaque
557 1257 608 1321 hie
632 1278 741 1321 versus
764 1256 860 1320 scribi
882 1261 1002 1338 potest:

279 1413 339 1478 Seu
361 1413 456 1493 uouit,
479 1417 614 1474 outremo
637 1408 754 1472 dormit
778 1444 815 1452 -
838 1410 961 1472 omioo!
980 1446 1018 1453 —
1041 1417 1119 1476 6666.

277 1669 332 1730 111
354 1669 408 1746 24,
430 1668 538 1730 1-1s.

280 1803 377 1866 Fuisu
401 1809 444 1865 636
467 1802 529 1864 istu
553 1807 625 1880 6666,
650 1800 772 1879 6666666,
793 1798 914 1880 fiducia
936 1800 1059 1882 formu,

330 1920 410 1984 Olim
435 1920 534 1983 oeulis
556 1919 691 1981 mimium
711 1917 801 1999 foetu
823 1919 958 2002 superbo
979 1922 1067 1984 meis.

278 2040 396 2105 Noster
418 2059 508 2103 umor
530 2037 610 2100 66663
633 2036 745 2099 tribuit
768 2037 835 2118 tibi,
861 2035 1007 2120 06666666,
1031 2039 1157 2102 laudes:

332 2157 482 2220 Versibus
505 2156 663 2239 iusiouem
686 2160 713 2216 te
731 2154 832 2237 666666
855 2176 919 2218 6336
941 2157 1028 2220 meis.

242 2296 256 2340 5
277 2276 416 2340 Mirtum
439 2283 467 2338 te
489 2277 583 2338 ouriu
608 2273 741 2336 loudooi
762 2293 845 2357 36666
866 2272 983 2355 669666,

333 2395 382 2475 Vr,
405 2394 488 2478 quod
511 2415 574 2457 666
598 2413 689 2474 63363,
714 2412 779 2455 6336
796 2399 928 2476 putaret
951 2414 1050 2474 umor,

277 2513 319 2576 Et
341 2512 426 2576 66666
449 2519 493 2576 636
515 2513 629 2574 6666663
651 2530 739 2573 66366
763 2511 897 2572 66666663
920 2509 997 2592 Eue,

328 2630 405 2694 Cum
427 2629 485 2693 tibi
508 2630 661 2714 queusitus
684 2628 804 2691 6666666
826 2630 861 2691 iu
884 2648 936 2690 666
956 2627 1050 2710 foret.

281 2749 370 2828 Quod
391 2749 471 2811 mihi
493 2769 557 2811 uou
574 2749 683 2832 potr-ii
700 2753 852 2830 66666666
875 2753 1016 2809 66666666
1038 2747 1145 2827 omisi,

220 2889 256 2931 10
319 2868 436 2932 Eiuere
459 2875 515 2931 666
537 2873 625 2931 66366
653 2866 806 2930 Thessalo
830 2887 909 2948 suou
931 2866 1026 2928 mori.

278 2987 355 3050 Hoeo
378 3007 431 3071 696
454 3008 518 3050 666
538 2985 639 3068 ferro,
662 3007 726 3049 666
748 2987 821 3067 ioue
844 2991 968 3047 6666663
992 2990 1020 3046 66
1041 2978 1115 3067 ipso

329 3103 520 3188 Nuufroqus
542 3104 659 3185 Aequo
682 3123 757 3166 6666
778 3101 904 3183 fatebor
926 3123 1019 3186 oquo.

278 3222 449 3306 0666666663
471 3242 552 3286 36666
582 3221 715 3284 Veneris
737 3220 881 3284 torrebar
903 3219 1013 3300 oheuo,

334 3340 467 3404 Viuctus
490 3361 576 3402 erum
598 3360 707 3402 uersos
729 3339 763 3401 iu
787 3359 855 3401 meo
879 3344 968 3422 66696
990 3358 1114 3400 666663.

222 3478 256 3520 15
278 3458 357 3522 Eooe
381 3464 537 3521 oorouotoe
554 3465 685 3541 portum
708 3458 835 3540 tetiqere
859 3459 988 3536 6666666,

331 3575 484 3640 Troieotoe
509 3575 628 3660 Syrtes,
651 3597 770 3639 666666
794 3576 879 3638 iurtu
902 3575 983 3637 urilri
1005 3581 1058 3638 636.

279 3693 374 3757 Nuus
396 3695 519 3758 demum
541 3701 629 3758 66366
650 3694 731 3776 fessi
754 3693 973 3776 resipiscimus
996 3699 1084 3774 (estu,

334 3812 534 3897 Vulueroque
557 3812 600 3876 ori
622 3833 735 3876 souum
758 3831 842 3874 6666
866 3813 966 3873 coiere
987 3831 1066 3874 meo.

276 3980 395 4045 Versus
421 3982 523 4044 9—12
552 3985 675 4045 tuntum
696 4003 760 4044 non
783 3977 914 4043 omnes¹
937 3979 982 4042 sio
999 3978 1170 4043 ediderunt
1192 3978 1270 4042 Pis*-

282 4149 291 4179 ¹
313 4151 998 4213 Pisseiiuvs,Boot-rursus,Bruuiuuvs,13i1uu‚
1019 4150 1175 4214 Locorum,
1197 4151 1269 4213 Rem,

180 4235 208 4282 L.
227 4233 339 4300 Miiiiee,
357 4237 574 4299 Eoum-Venisse,
594 4237 640 4284 elii
