2924 4950
335 503 431 567 Dixit
454 509 482 566 el
505 503 651 586 opposito
669 502 854 586 propellens
876 503 968 565 socio
991 501 1104 565 dextro

388 623 531 687 Prosilit.

285 757 418 823 Accedit
441 779 478 821 on
501 755 680 836 difficultas
704 756 788 838 quod
803 756 843 820 ad
857 778 948 821 orceo
964 779 1028 820 non
1043 756 1144 820 solum
1160 776 1282 819 sternere

184 879 246 942 alio
277 900 371 942 sensu
401 877 555 959 scriptum
585 880 677 955 esset,
701 876 874 940 sedetiam
897 875 1154 940 rrdrnotnrnunre.
1200 873 1282 949 Quid

182 997 303 1061 multa?
347 994 491 1078 Scripsit,
514 999 549 1059 ut
571 995 693 1078 opinor,
715 994 915 1077 Propertius:

339 1130 514 1215 Osculaque
537 1131 666 1194 odrnoto
688 1151 810 1194 snrnere
832 1132 988 1194 inerma
1009 1151 1117 1194 noenu.

285 1267 415 1332 Irrermo
436 1267 456 1330 i.
480 1288 507 1330 e.
531 1265 623 1347 'quae
652 1266 871 1330 defendere
897 1288 974 1331 non
995 1265 1139 1348 possit,
1163 1264 1279 1346 quippe

184 1407 254 1468 quae
286 1383 422 1448 dormiat
449 1383 599 1465 cuiusque
623 1384 719 1466 capiti
740 1406 851 1448 manus
874 1385 1056 1448 admoturus
1078 1384 1120 1447 sit
1141 1383 1279 1465 Proper-

182 1488 282 1569 tius'(
310 1501 414 1568 Simili
435 1525 530 1567 sensu
552 1501 682 1567 Ovidius
705 1503 832 1586 scripsit
853 1503 930 1567 Met.
954 1501 1002 1567 IV
1024 1504 1086 1567 358
1108 1525 1170 1584 sq.:

285 1640 545 1724 Pnpnontemque
567 1644 649 1702 tenet
671 1636 889 1724 luctantiaque
911 1640 1019 1702 osceelo
1043 1641 1157 1723 carpit,

285 1758 509 1841 Subiectosqoe
530 1778 645 1821 moerus
667 1758 830 1842 invitoque
851 1764 979 1842 pectora
1003 1759 1116 1842 tonqll.

281 1892 457 1956 Lactantio
488 1895 550 1956 cst:
583 1891 663 1974 'quae
694 1891 726 1957 vi
755 1893 912 1975 carpenda
933 1893 1025 1957 sunt'.
1050 1932 1087 1940 --
1112 1891 1179 1956 Iam
1202 1915 1277 1957 voro

182 2011 280 2076 verba
311 2011 439 2074 orlrnoto
461 2031 559 2074 rnonee
582 2015 614 2074 et
636 2012 759 2074 inerrro
783 2011 951 2076 coniuncta
972 2012 1131 2094 singulare
1153 2012 1277 2094 perspi-

63 2178 64 2181 ,
112 2211 115 2219 1
184 2130 311 2195 cuitatis
333 2129 440 2195 lumen
462 2130 667 2224 descriptioni
688 2130 843 2195 adferunt.
892 2130 946 2196 cfr
968 2131 1038 2196 Tib.
1061 2130 1093 2196 ΙΙ
1115 2133 1143 2211 5,
1167 2133 1205 2195 91
1230 2130 1300 2214 8ᾳῇ

368 2342 373 2354 x
797 2275 953 2353 notrisque
974 2270 1105 2352 parenti

287 2374 293 2383 ’
336 2383 452 2450 Oscula
475 2387 728 2471 comprensis
750 2387 921 2451 curibus
944 2389 1104 2472 eripiet.

281 2519 315 2586 Si
346 2521 415 2603 quis
446 2521 594 2586 librarius
625 2544 683 2604 pro
715 2524 839 2586 inerma
869 2522 997 2604 legebat
1028 2525 1064 2587 in
1095 2545 1192 2606 errno,
1214 2546 1279 2589 non

179 2640 284 2722 potuit
305 2662 369 2704 non
391 2642 427 2704 ire
449 2662 541 2705 ormo
564 2641 736 2724 corrigere3
759 2645 827 2706 tum
850 2641 939 2719 aliua
962 2645 997 2706 ut
1019 2643 1185 2707 sententies
1201 2643 1277 2708 sub-

179 2746 312 2836 veniret,
336 2765 364 2822 cl
385 2781 444 2840 pro
467 2761 501 2822 in
525 2759 661 2841 scripsit,
684 2783 746 2842 qua
768 2760 1012 2843 interpolatione
1034 2761 1101 2825 fere
1123 2761 1210 2826 nulla
1230 2767 1278 2826 est

178 2876 335 2941 usitatior.
380 2875 436 2941 on
458 2899 506 2941 ex.
529 2899 576 2960 gr.
599 2876 631 2942 Π
652 2879 703 2958 34,
725 2879 755 2942 4.

280 3081 299 3143 I
321 3081 353 3158 4,
376 3083 445 3143 11-
453 3081 503 3144 14.
563 3124 565 3128 ,

280 3213 359 3277 Hrec
381 3213 437 3278 secl
456 3213 565 3296 formo
587 3215 649 3278 met
665 3235 748 3298 pors
771 3222 816 3278 est
839 3222 977 3279 extremo-
997 3216 1142 3300 furoris:

332 3332 414 3396 Sunt
437 3333 572 3414 maiora,
595 3331 717 3416 quibos,
740 3333 851 3415 Basse,
869 3336 980 3419 perire
1003 3337 1102 3417 ireeut,

280 3449 443 3534 Inpenreus
467 3451 553 3514 color
575 3457 603 3514 et
626 3452 735 3515 inultis
757 3452 852 3516 decus
874 3453 998 3518 ortibus
1020 3461 1049 3517 et
1071 3475 1140 3538 quoe

332 3568 464 3632 Gaudio
487 3569 543 3633 sul
566 3570 666 3633 tasilo
689 3570 794 3634 elicere
816 3577 897 3635 ceste
919 3572 1001 3636 libet.

278 3703 418 3768 Binanns
449 3705 483 3768 in
514 3708 669 3787 apparatu
700 3705 810 3770 critico
840 3707 880 3770 ad
910 3730 939 3771 v.
972 3708 1011 3770 14
1042 3706 1122 3789 (ipse
1150 3707 1277 3789 scripsit

177 3819 290 3904 mente)
323 3822 499 3887 adnotavit:
536 3824 609 3887 “sed
635 3824 750 3904 gaudia
771 3847 906 3889 venerea
927 3824 989 3903 hic,
1012 3824 1067 3888 ubi
1087 3830 1161 3908 post
1183 3849 1212 3889 v.
1237 3828 1273 3888 11

179 3940 216 4004 de
246 3940 321 4004 solis
351 3941 447 4005 animi
474 3942 600 4007 dotibus
623 3943 737 4024 agitur,
762 3965 1008 4008 commemorare
1029 3966 1158 4026 prorsus
1181 3944 1274 4009 abso-

178 4061 284 4122 num'‘.
327 4057 414 4122 Num
444 4059 543 4140 igitur
571 4060 620 4124 vir
643 4061 752 4125 doctus
776 4062 872 4125 etiam
895 4061 1070 4125 colorem
1092 4062 1187 4124 animi
1209 4062 1274 4126 vir-

177 4175 299 4241 tutibus
329 4178 534 4242 adnumerat?
578 4175 641 4242 Sed
663 4179 777 4262 gaudia
799 4179 933 4244 Veneris
955 4179 1007 4243 hic
1029 4171 1166 4262 spectari
1188 4185 1275 4245 certo
