2924 4950
351 335 387 391 12

347 521 382 564 25
410 502 481 566 Non
505 504 583 586 qerie
601 504 747 586 peccoris
770 501 881 583 (testor
904 502 958 584 te),
982 503 1037 565 sed
1059 504 1136 586 perio
1159 504 1251 587 oeeflpo

458 621 622 685 Formosis
644 623 756 686 leuitas
778 643 900 706 semper
922 624 1025 685 uereieu
1047 622 1122 703 fuit.

409 739 574 802 llorborus
596 743 736 804 excussis
756 742 858 824 opilat
880 742 1014 823 oestipe'o
1037 741 1151 804 leemlns

459 858 500 921 Er
522 859 623 923 serbito
644 860 726 941 felia
748 881 833 923 serene
855 880 923 923 meu
945 881 1042 942 repere
1066 866 1156 923 tenet.

410 1007 461 1073 Sic
493 1011 590 1076 habet
623 1012 748 1077 Vannnu
774 1012 832 1077 hos
855 1035 963 1076 versus
986 1013 1130 1094 scriptos.
1175 1010 1237 1075 Sed
1260 1010 1404 1092 displicet

308 1126 378 1192 haeu
400 1131 556 1212 scriptura
576 1155 639 1196 non
662 1132 764 1196 solum
786 1133 870 1213 quod
891 1131 1044 1196 Italorum
1067 1131 1255 1195 coniecturae
1283 1130 1403 1210 'pecea-

309 1248 362 1311 ris'
386 1248 467 1330 (cod.
485 1250 662 1334 percutior)
685 1255 717 1315 et
737 1251 895 1316 ’excussis'
919 1251 1065 1333 (exclusit
1085 1249 1126 1329 N,
1144 1251 1280 1314 eeeleesis
1296 1247 1404 1328 ceteri)

311 1371 383 1430 sunt
415 1374 552 1451 receptae
586 1375 618 1435 et
650 1394 759 1434 versus
792 1373 916 1434 23-26
950 1371 1039 1452 quasi
1072 1371 1220 1451 pendent,
1251 1370 1306 1432 sed
1334 1369 1406 1450 quia

310 1486 424 1552 horum
446 1511 593 1554 versuum
615 1490 741 1554 omnino
764 1490 830 1554 fere
853 1489 939 1554 nulla
962 1489 1066 1553 evadit
1088 1488 1254 1552 sententia.

412 1624 473 1689 Vv.
496 1625 536 1689 25
559 1649 605 1707 sq.
628 1625 695 1689 sine
719 1625 813 1690 dubio
837 1648 907 1690 cum
929 1648 979 1689 vr.
1002 1627 1041 1688 27
1066 1647 1111 1705 sq.
1136 1624 1259 1688 conecti
1282 1625 1405 1688 debent.

313 1741 393 1817 Quia
426 1742 572 1825 Cynthia,
606 1745 687 1808 siout
720 1767 828 1808 omnes
860 1743 985 1826 puella,
1018 1743 1097 1806 levis
1130 1741 1201 1806 est¹
1223 1743 1243 1805 i.
1267 1765 1294 1805 e.
1318 1741 1406 1805 donis

312 1862 398 1927 flecti
419 1867 535 1944 potest,
557 1868 678 1946 praetor
699 1863 752 1927 ille
774 1885 907 1944 regnum
930 1862 1088 1945 Propertii
1110 1866 1207 1926 tenet.
1244 1861 1326 1925 Turn
1342 1861 1406 1926 elu-

313 1986 363 2046 cet
379 1986 542 2066 peccarim
565 2006 675 2048 rerum
697 2006 775 2062 esse,
797 1984 830 2046 id
852 1983 936 2064 quod
958 1982 1053 2046 etiam
1076 1981 1173 2046 verba
1196 2004 1265 2063 quae
1289 1981 1407 2044 addun-

312 2107 364 2167 tur
395 2110 492 2167 testor
522 2111 550 2167 te
579 2103 730 2186 probant3
761 2103 825 2166 iam
855 2123 929 2165 vero
960 2125 1010 2165 vv.
1043 2103 1084 2164 23
1115 2123 1161 2182 sq.
1190 2123 1254 2164 non
1275 2104 1408 2181 possunt

314 2244 384 2285 oum
411 2222 450 2286 iis
479 2223 533 2304 qui
560 2228 732 2305 sequuntur
759 2223 928 2288 cohaerere.
971 2222 1015 2286 Et
1037 2221 1130 2286 facile
1154 2220 1323 2284 credideris
1346 2241 1409 2284 eron

314 2342 390 2424 quio
420 2341 556 2404 scribam
587 2342 724 2423 aliquem
753 2342 844 2424 lapsu
875 2341 1036 2406 oculorum
1060 2363 1076 2404 e
1099 2363 1129 2404 v.
1152 2340 1192 2403 25
1215 2339 1249 2402 in
1269 2339 1409 2420 priorem

312 2459 531 2524 hexametrum
563 2461 717 2525 intulisse.
761 2461 824 2525 Pro
858 2482 922 2524 ooo
955 2461 1032 2545 quio
1066 2459 1266 2523 scribendum
1298 2480 1409 2522 censeo

314 2577 394 2641 'neo
421 2578 507 2642 ianr’
530 2578 594 2661 (vel
617 2579 690 2644 ’non
711 2578 798 2661 iam')
821 2583 853 2644 et
873 2602 932 2661 pro
955 2578 1083 2643 cieberis
1106 2577 1269 2642 'cubares'.
1313 2577 1407 2641 Post-

314 2720 408 2779 quam
430 2721 494 2763 nore
517 2702 593 2785 quia
615 2699 751 2782 irrepsit,
776 2699 872 2763 etiam
893 2699 995 2762 forma
1014 2697 1070 2761 illa
1085 2697 1212 2761 cieberis
1227 2719 1284 2760 sua
1299 2699 1411 2779 sponte

315 2817 420 2881 extitit
430 2816 451 2882 2.
497 2818 643 2882 Ceterum
674 2841 786 2883 censeo
810 2818 926 2883 codicis
948 2816 980 2882 N
1001 2816 1170 2880 lectionem
1193 2815 1328 2878 euelusit
1349 2837 1413 2878 non

315 2959 383 3000 esse
415 2938 624 3019 spernendam
634 2937 655 3002 ³.
698 2937 784 3002 Nam
811 2937 851 3001 ad
876 2939 1013 3000 metrum
1035 2933 1115 2997 nihil
1137 2933 1255 2996 distant
1276 2930 1308 2995 Il
1330 2934 1359 3010 8,
1383 2933 1411 3011 8,

314 3054 359 3120 IV
386 3057 413 3134 1,
438 3058 475 3121 17
499 3058 598 3138 (retolli
620 3078 698 3120 erere
718 3056 785 3138 fuit
808 3061 952 3119 externos
975 3073 1115 3138 quere-re
1138 3051 1254 3132 diuos),
1277 3054 1309 3114 et
1324 3051 1411 3114 audi-

314 3180 367 3240 tur
388 3199 454 3256 me,
476 3180 512 3240 ut
533 3175 717 3258 Propertius
740 3174 856 3257 saepius
875 3171 1064 3255 pronomina
1078 3169 1258 3254 personalia
1273 3169 1380 3234 omisit
1389 3167 1411 3231 4.

317 3294 372 3360 cfr
393 3294 409 3360 I
431 3297 460 3375 6,
483 3297 522 3358 21
546 3317 608 3377 sq.:

462 3450 546 3515 Neue
569 3457 624 3514 teo
647 3470 710 3513 eon
734 3455 811 3512 retus
832 3468 983 3532 uinquam
1006 3446 1138 3509 cesserit
1160 3445 1274 3523 errrore’,

513 3570 643 3654 Semper
665 3576 698 3632 ut
720 3574 854 3632 oreeeotee
878 3587 956 3630 euro
976 3565 1042 3648 feeit
1061 3566 1190 3648 petrice,
1254 3594 1257 3603 ·

317 3710 518 3720 --—-.

422 3776 429 3805 ¹
450 3780 493 3826 cn
511 3779 537 3824 II
556 3780 596 3839 25,
616 3778 659 3824 22:
678 3777 749 3822 nulla
767 3777 811 3820 diu
830 3776 926 3832 semera
940 3773 1042 3832 ponetur
1060 3771 1139 3816 trahet.

422 3859 645 3923 ²'Numquam
673 3886 706 3893 —
733 3861 851 3907 eubaren’
878 3859 930 3904 iam
956 3859 1063 3904 Prinna
1090 3855 1206 3915 coniecit,
1234 3855 1303 3913 quod
1328 3857 1414 3899 tamen

320 3967 370 3998 non
397 3951 502 4010 arridet,
527 3949 588 4009 quia
610 3961 747 4007 nerinorum
770 3947 820 3991 hoo
843 3957 921 3990 versu
944 3943 993 3989 alio
1021 3954 1099 3987 sensu
1117 3940 1232 3999 positum
1250 3943 1321 3985 esset
1340 3941 1415 3997 atque

320 4053 343 4084 v.
362 4038 403 4083 21.

423 4113 433 4144 ³
452 4118 604 4162 Ceterorum
623 4115 741 4160 codicum
760 4115 870 4159 exclusis
888 4113 920 4158 ad
939 4112 1030 4158 torrebis
1047 4112 1088 4156 est
1106 4108 1338 4154 accommodatum.

422 4199 432 4230 ⁴
450 4202 513 4249 Vide
531 4203 669 4261 Posranrn,
687 4199 866 4246 Introduction
884 4213 909 4258 p.
930 4199 984 4244 123.
