2924 4950
10 538 12 553 ²
102 557 139 599 10
210 535 406 599 Immortalis
428 556 492 616 ero,
514 536 545 599 si
566 537 670 599 oltero
692 536 769 598 tolio
792 536 863 598 crit.

164 652 224 735 (Ar
246 654 322 717 douc
344 654 491 718 demissis
513 655 648 737 supplex
671 653 845 716 ceruicibus
866 652 961 734 ituro,

215 773 354 837 Dicetur
376 775 458 837 sicco
482 774 578 836 uilior·
600 793 665 836 csse
687 772 787 853 locri)

167 892 232 956 Noc
254 893 333 956 miti
355 894 421 984 iuni
440 893 548 975 fusius
571 913 728 977 opponere
750 895 865 976 quierit
889 894 1026 976 iniquos,

216 1011 281 1075 Noc
303 1012 383 1075 oniti
404 1013 549 1096 ploranti
571 1014 656 1076 lento
679 1012 786 1076 sedere
804 1019 918 1096 potest.

104 1153 139 1195 15
166 1132 269 1216 Atque
290 1133 415 1195 colinum
437 1153 502 1195 noo
525 1138 589 1195 torn
612 1146 681 1196 sero
704 1132 783 1195 olibi
805 1139 881 1196 noto
901 1131 1019 1213 fnisset

217 1249 389 1314 Condicio!
408 1252 510 1314 cineri
531 1272 617 1314 nnnc
639 1250 799 1314 medicina
822 1251 928 1313 dulcor.

168 1370 249 1433 Ante
269 1369 366 1454 pedes
389 1371 480 1432 coecis
501 1369 623 1433 lucebat
645 1371 757 1433 sentito
780 1369 886 1432 nobis:

104 1508 139 1551 is
210 1488 337 1552 Scilicet
359 1489 475 1551 insono
498 1509 586 1551 nemo
609 1489 644 1551 io
668 1504 774 1551 orooro
797 1487 890 1549 uidet.

60 1617 97 1674 18,
126 1627 136 1669 1
163 1606 321 1670 Adsiduo
343 1607 452 1670 moltis
475 1606 584 1670 odium
604 1627 754 1690 peperere
777 1606 929 1690 quercloe:

216 1724 397 1806 Fronpitur
419 1726 455 1787 io
477 1725 574 1787 incito
595 1724 719 1806 fornico
742 1745 823 1808 scopo
845 1725 925 1787 ono.

165 1843 202 1906 Si
224 1843 304 1927 quid
325 1843 449 1922 uidisti,
472 1863 594 1926 semper
616 1842 734 1906 uidisse
756 1849 885 1927 nepotc:

124 1960 907 2046 imfflmmmm

104 2101 138 2144 io
164 2079 234 2144 Hoc
256 2082 342 2144 sorzsi
359 2080 513 2164 prodesse
536 2082 655 2165 inopia·
677 2083 872 2162 corriounzite,
895 2088 1054 2144 orriootcs:

103 2220 141 2262 ao
210 2198 264 2262 Sic
286 2197 379 2261 bodio
401 2199 513 2280 conici,
537 2200 566 2262 si
588 2220 652 2283 quo
674 2199 801 2282 ocpooii
823 2198 902 2260 lieri.

160 2472 198 2534 II
219 2473 268 2536 15.

160 2604 264 2670 01101
287 2607 364 2671 dicit
385 2606 578 2684 Fouminivn,
602 2606 656 2686 qui
679 2628 728 2669 vv.
749 2606 872 2669 17—22
889 2605 1007 2668 alienos
1022 2606 1157 2686 putavit,

58 2725 155 2790 etism
187 2726 310 2788 11-16
341 2725 502 2789 secludere
525 2724 680 2802 debuisse,
704 2725 852 2805 quoniam
876 2725 1007 2788 eandem
1029 2728 1156 2788 senten-

57 2844 137 2908 tiam
168 2847 262 2925 atque
292 2843 339 2906 illi
362 2843 554 2921 contineant,
577 2843 632 2906 sed
654 2847 756 2907 totam
777 2847 901 2926 partem
924 2865 994 2907 cum
1016 2843 1157 2925 priorum

59 2984 207 3026 versuum
236 2962 367 3026 lascivia
397 2962 516 3044 optime
550 2962 716 3026 concinere
749 2962 923 3026 adseverat.
969 2960 1051 3025 illud
1081 2983 1157 3025 con-

61 3081 149 3161 cedo,
172 3080 232 3144 hoc
255 3080 369 3144 falsum
392 3082 558 3146 contendo.

160 3198 245 3264 Nam
275 3223 325 3264 vv.
359 3201 461 3264 1-10
493 3205 524 3264 et
555 3201 595 3263 25
622 3222 690 3280 sqq.
713 3199 838 3263 fervent
860 3199 976 3263 amoris
999 3198 1103 3264 calore
1127 3182 1159 3263 et

61 3317 271 3383 exsultatione
304 3319 470 3401 gratiaque
504 3319 544 3383 ob
577 3323 703 3382 noctem
735 3319 870 3397 felicem,
905 3341 999 3400 quam
1030 3320 1159 3382 tandem

60 3436 166 3518 puella
188 3437 217 3500 ei
240 3437 409 3515 concessit;
434 3438 482 3502 cfr
504 3461 630 3502 carmen
653 3439 702 3500 14.
746 3436 790 3502 At
812 3439 845 3501 in
867 3461 916 3502 vv.
941 3439 978 3501 11
996 3461 1064 3519 sqq.
1079 3414 1159 3501 nihil

61 3554 174 3619 horum
206 3555 343 3620 invenio
399 3556 527 3639 Spirant
559 3557 727 3621 manifesto
762 3557 968 3621 offensionem
1001 3558 1158 3638 quandam

62 3677 155 3754 atque
178 3673 274 3737 etiam
296 3674 376 3738 iram
398 3676 430 3738 in
453 3676 599 3758 puellam,
623 3676 697 3756 quia
719 3680 840 3739 vestem
857 3675 941 3738 inter
956 3676 1158 3740 concubitum

60 3813 178 3874 ponere
200 3814 263 3856 non
285 3793 363 3872 vult,
386 3799 480 3875 atque
503 3799 598 3876 pocta
621 3795 772 3875 exemplis
796 3816 812 3857 e
835 3794 944 3858 fabula
966 3795 1108 3876 sumptis,
1124 3800 1159 3858 ut

62 3909 152 3988 solet,
176 3932 245 3973 eam
268 3933 466 3976 commovere
489 3914 604 3991 studet,
626 3917 662 3976 ut
683 3914 766 3976 nuda
788 3913 891 3990 cubet,
911 3915 995 3994 quod
1009 3914 1075 3976 fere
1091 3917 1157 3977 stu-

63 4028 147 4092 dium
180 4028 276 4092 etiam
310 4031 446 4094 carmine
483 4033 522 4094 14
554 4031 628 4094 libri
661 4031 748 4094 tertii
781 4032 932 4114 arguitur.
981 4030 1086 4114 Atque
1119 4053 1158 4094 ne

167 4232 173 4261 ¹
193 4236 370 4285 Versumstcll.
390 4237 402 4282 1
420 4251 445 4298 p.
467 4239 505 4285 11.
