2924 4950
1109 350 1126 410 3

76 518 167 582 docet
198 517 287 583 locus
321 518 446 600 quidam
479 517 622 600 epistulae
651 515 835 599 Sapphus
858 516 920 600 (vv.
944 516 1093 601 31-50),
1115 519 1168 583 ubi

74 637 143 702 haee
166 637 292 702 easdem
314 641 463 719 quattuor
484 659 535 701 res
555 638 666 701 eodem
681 635 791 700 ordine
807 640 979 717 enumerat,
993 638 1171 717 formam,

74 755 230 834 faciem,
258 760 378 836 artes,
401 779 501 840 opus
523 754 691 820 Amoris
736 754 885 819 Formam
908 759 940 819 et
962 756 1172 820 candorema

75 895 108 937 se
140 872 301 938 abiudieat
328 872 390 954 (est
412 875 496 938 enim
517 874 624 939 brevis
647 877 680 938 et
700 871 813 956 fusca),
835 873 975 938 vindicat
996 874 1058 939 sibi
1078 874 1171 939 blan·

76 991 146 1054 dam
169 995 269 1056 artem
294 1014 403 1058 versus
425 1015 499 1058 suos
521 993 676 1058 recitandi
698 993 907 1075 cantandique
930 997 962 1058 et
982 993 1171 1058 iucundissi-

75 1133 159 1174 mam
180 1111 215 1174 in
234 1133 269 1175 re
292 1134 427 1176 venerea
448 1111 621 1176 lasciviam.
653 1109 765 1194 Itaque
787 1111 909 1196 priores
928 1112 1065 1177 editores
1080 1112 1171 1195 (Pis-

76 1252 225 1309 samrrvrr,
256 1229 480 1310 Baoomrrsrvrr‚
509 1229 738 1313 lacrimarum),
767 1231 880 1295 dooere
902 1231 936 1314 (i.
960 1253 986 1296 e.
1010 1231 1171 1313 'haurire')

76 1370 147 1412 cum
168 1347 258 1413 italis
280 1349 465 1429 scribentes
488 1371 604 1431 sequor
626 1353 658 1413 et
680 1349 736 1414 aab
759 1351 858 1413 tacito
880 1356 963 1414 veste
984 1354 1074 1415 verto
1090 1349 1171 1414 'sub

75 1471 182 1532 muta
217 1466 365 1550 (secreta)
399 1468 584 1551 stragula
616 1467 726 1532 leoti'
739 1465 759 1531 ¹.
812 1467 976 1550 Iaoeauus
1008 1470 1093 1533 color
1124 1473 1173 1534 est

76 1585 248 1650 ’nativus
280 1587 428 1652 eander
458 1586 593 1651 faoiei'
615 1587 667 1652 vel
688 1587 823 1650 fortasse
847 1586 1077 1669 'speciosus'
1101 1588 1172 1653 coil.

73 1704 168 1768 Mart.
190 1703 239 1768 III
260 1707 316 1769 33:

177 1841 355 1925 Irzqoauam
377 1843 471 1921 inuio,
494 1842 549 1906 sed
570 1844 600 1906 ai
622 1849 727 1905 tumea
750 1842 807 1905 itio
831 1849 973 1926 περσέαν,

226 1959 396 2024 Libertina
418 1960 500 2024 milii
516 1961 670 2044 proximo
694 1961 833 2024 conditio
856 1967 916 2025 est:

176 2078 329 2143 Eatrema
352 2085 397 2142 est
419 2079 542 2142 ancillo
564 2080 645 2142 loeo:
667 2079 723 2143 sed
744 2080 847 2144 vincet
869 2087 1046 2164 utromque,

229 2197 267 2260 se·
284 2196 371 2279 faeie
393 2196 570 2261 nobishoc
592 2198 653 2260 erit
676 2198 815 2280 inyerroo

70 2336 104 2396 et
128 2329 187 2396 Or.
210 2329 321 2396 Am.1
344 2333 373 2411 7,
396 2332 436 2395 49
459 2354 506 2413 sq.

93 2533 97 2541 ,
177 2470 221 2533 rit
243 2491 330 2533 roario
351 2469 503 2548 susti-nui,
525 2470 631 2552 rapies
654 2490 674 2531 a
694 2468 802 2551 fronte
826 2469 963 2552 capillis,

216 2587 368 2651 ‚Ferreus
390 2589 548 2671 irruerroos
569 2607 674 2669 uasere
695 2593 807 2650 notare
827 2607 935 2670 years.

177 2792 249 2870 15,
270 2794 320 2855 13.

201 2911 249 2974 A!
269 2931 337 2973 ineo
360 2915 554 2993 contemptus
577 2908 721 2993 quotiens
744 2907 787 2970 od
809 2907 924 2971 limiae
948 2929 1064 2971 curres.

179 3027 264 3109 Meo,
287 3049 467 3109 quanquam
489 3006 647 3091 ¹neminem
670 3025 837 3090 offendisse
856 3026 990 3104 videtur,
1006 3026 1173 3089 adsurdum

74 3151 134 3225 est,
167 3168 239 3210 oum
269 3150 420 3229 appareat
450 3145 503 3228 agi
525 3146 563 3209 de
586 3149 727 3210 amatore
750 3167 769 3209 a
791 3143 965 3227 Cynthia
985 3166 1060 3208 mor
1082 3166 1173 3208 aver·

73 3269 145 3330 sata
167 3287 244 3329 non
275 3269 453 3348 recepto.
499 3262 638 3347 ’alligat'
674 3263 716 3346 (v.
745 3263 798 3346 12)
828 3262 964 3344 Cynthia
991 3265 1174 3341 amatorem,

73 3389 110 3448 ut
132 3384 250 3448 iterum
272 3387 365 3465 atque
387 3383 503 3448 iterum
526 3383 566 3447 ad
587 3382 697 3446 limina
720 3379 808 3446 eius²
831 3385 945 3459 currat,
966 3380 1080 3444 misere
1097 3402 1174 3461 que-

74 3506 175 3582 ratur,
199 3503 382 3585 desperatus
405 3506 510 3566 mente
533 3501 696 3566 alienetur.
734 3500 899 3564 Postremo
915 3498 995 3562 nihii
1010 3499 1175 3562 adsecutus

77 3623 207 3686 domum
239 3621 326 3685 abire
348 3619 391 3702 (v.
414 3620 468 3701 20)
492 3620 616 3702 cogitur
626 3618 648 3684 ³.
692 3617 737 3684 At
757 3619 839 3683 unde
861 3617 915 3682 ille
938 3619 1033 3681 timor·
1056 3615 1097 3698 (v.
1123 3614 1175 3696 16)

76 3740 231 3821 signaque
261 3739 391 3802 maximi
421 3739 586 3822 praesentis
615 3737 738 3802 timoris
762 3735 824 3819 (vv.
849 3737 889 3799 14
911 3758 968 3817 sq„
993 3736 1030 3798 17
1054 3731 1125 3815 sq.),
1149 3734 1176 3797 si

181 3875 250 3926 ¹1te
276 3879 340 3945 fore¹
356 3879 533 3938 Psssrsarrva
559 3878 657 3938 Birra,
683 3877 723 3924 ed.
747 3876 873 3922 eririrmr.
909 3875 954 3921 cfr
972 3875 1049 3920 etiam
1067 3873 1123 3920 Iuv.
1142 3873 1176 3919 VI

77 3967 127 4013 537
155 3966 247 4010 violato
274 3965 427 4011 cadmeo.
464 3963 519 4010 Nisi
545 3963 611 4009 forte
637 3963 735 4020 yarrdr'a
757 3963 845 4007 deicere
863 3961 909 4006 sub
927 3961 1005 4006 tacita
1024 3964 1088 4004 veste
1106 3958 1175 4003 idem

76 4051 148 4098 volet
167 4052 244 4109 atque
264 4051 290 4094 in
308 4050 384 4094 tacito
402 4050 461 4094 sc'no
479 4048 590 4106 raudera
608 4046 673 4104 (Tib.
692 4046 727 4093 IV
748 4048 786 4105 13,
805 4044 837 4102 8).

182 4127 192 4158 ²
209 4134 240 4180 In
258 4133 335 4179 domo
353 4133 482 4192 Propertii
500 4131 609 4190 Cynthio
627 4145 676 4176 non
695 4130 836 4177 habitabat.

183 4211 255 4264 ³Oir
272 4217 333 4264 Hor.
353 4218 399 4265 od.
418 4217 459 4265 111
479 4219 516 4265 1⁰.
