3116 5124
1083 456 1120 512 31

169 619 214 686 At
235 643 311 686 vero
334 621 469 685 formam
487 623 618 685 accessit
632 620 738 703 potius
754 620 986 702 exspectaveris
1004 620 1165 703 scriptam.

68 737 128 802 Sed
163 739 349 823 Propertius
379 761 519 823 praesens
549 739 736 803 historicum
764 739 848 821 quod
878 738 993 803 dicitur
1014 760 1167 822 perquam

67 858 167 922 libere
197 856 320 942 ponit¹‚
352 857 438 923 velut
468 855 514 922 IV
538 858 566 934 1,
590 859 628 922 77
660 878 707 922 me
737 864 832 938 creat,
859 861 954 939 atque
977 857 1073 921 etiam
1095 879 1167 922 eum

67 977 219 1041 adverbio
242 977 400 1061 quondum¹
424 976 625 1040 coniunctum
648 973 679 1040 ΙΙ
701 978 729 1054 7,
753 978 785 1040 2;
810 998 872 1061 qua
888 976 1048 1062 quondum
1064 977 1167 1040 edicta

65 1097 179 1177 flemus
200 1103 332 1180 uterque
354 1095 420 1158 diu.
464 1094 508 1158 Et
530 1094 613 1176 apud
634 1093 713 1157 alios
735 1095 905 1176 scriptores
927 1095 1077 1158 adverbia
1092 1097 1167 1159 olim

67 1219 97 1278 et
127 1214 221 1278 modo
253 1212 400 1276 similiter
429 1215 581 1295 usurpata
611 1212 748 1290 invenio,
780 1212 827 1276 cfr
849 1211 930 1276 Ptin.
952 1212 1012 1296 Ep.
1036 1211 1051 1276 I
1074 1214 1123 1291 11,
1149 1214 1164 1276 1

67 1334 142 1396 olim
166 1333 246 1396 miti
269 1333 421 1416 epistolas
441 1333 553 1412 mittis,
575 1329 641 1396 Iuv.
657 1329 704 1394 IV
720 1332 759 1394 96
775 1354 822 1413 sq.
839 1332 914 1395 olim
936 1331 1090 1415 Prodiyio
1101 1353 1168 1415 par

66 1461 109 1516 est
139 1455 176 1516 io
203 1451 368 1515 nobilitate
394 1457 546 1532 senectus,
569 1447 616 1514 VI
637 1450 699 1513 346
722 1450 829 1531 audio,
854 1450 932 1534 quid
953 1456 1070 1513 veteres
1092 1451 1167 1512 olim

67 1571 226 1633 moneatis
252 1570 359 1651 amici,
382 1567 454 1632 Ter.
477 1567 557 1632 Heo.
580 1568 642 1630 458
665 1567 798 1630 advenis
819 1567 932 1631 modo?
976 1567 1166 1631 Admodum.

170 1685 220 1750 Ad
242 1686 452 1751 variationem
473 1689 650 1767 temporum
675 1684 722 1748 cfr
742 1683 774 1748 Π
797 1687 846 1765 15,
869 1687 889 1749 3
911 1708 972 1768 sq.:

173 1824 272 1904 Ouum
295 1823 395 1886 multu
417 1821 567 1904 adposita
589 1841 763 1884 narramus
785 1821 878 1884 uerbo
901 1822 1041 1903 lucerna,

222 1944 408 2024 erontaque
430 1939 552 2003 subluto
575 1939 694 2002 [umiae
716 1941 792 2001 rixo
812 1938 898 2020 fuit!

169 2215 389 2291 mssa

170 2347 265 2410 Pacis
289 2347 388 2410 Amor
410 2346 487 2411 deus
510 2353 565 2427 est,
582 2369 694 2432 pacem
717 2369 906 2411 veneramur
928 2355 1087 2412 umentes:

218 2466 289 2529 Sat
313 2466 392 2529 uniti
414 2487 482 2529 cum
507 2466 638 2529 domiuo
656 2466 784 2550 proelio-
807 2467 890 2529 duro
914 2488 992 2548 meo,

170 2585 233 2648 Nee
256 2593 409 2649 tantu-m
433 2586 537 2648 inviso
555 2591 666 2666 peetus
688 2585 768 2647 mihi
791 2588 937 2669 carpitur
959 2608 1049 2668 aura,

220 2704 285 2768 Neo
307 2704 416 2768 hibat
438 2724 453 2766 e
474 2723 597 2786 perona
620 2703 717 2766 diuite
740 2712 850 2768 nostru
872 2706 954 2782 sitis

169 2821 233 2886 Nee
254 2822 334 2885 mihi
355 2823 442 2885 atille
464 2822 551 2904 iupis
576 2819 753 2904 Campania-
771 2825 906 2907 pinquis
929 2829 1080 2900 uretur,

218 2939 284 3004 Nec
306 2941 402 3003 miser
424 2962 490 3004 (ενα-
509 2961 593 3024 puro
616 2940 715 3022 elude,
740 2941 898 3021 Corintho,
920 2947 985 3004 tatu.

166 3088 218 3154 Sic
244 3089 303 3155 hos
331 3113 439 3154 versus
466 3092 593 3174 scripsit
621 3092 783 3156 Laeuaauu
806 3096 838 3156 et
861 3092 906 3156 sic
929 3092 1030 3155 adhuc
1053 3091 1164 3173 scripti

68 3209 192 3272 suntin
215 3211 262 3274 ed.
285 3208 601 3274 Hispan-meut
645 3209 690 3274 At
712 3211 835 3274 codices
857 3210 976 3274 habent
997 3217 1093 3291 stant,
1113 3216 1162 3273 ta-

69 3347 146 3408 men,
167 3327 252 3408 bibit,
275 3334 400 3391 uratur.

164 3445 328 3510 Lucumuu
350 3446 482 3510 verbum
504 3455 591 3511 stunt
613 3451 697 3511 stare
719 3470 784 3511 non
797 3469 891 3528 posse
906 3446 1048 3523 eredidit,
1063 3468 1161 3528 prop·

70 3565 152 3626 terea
182 3564 266 3645 quod
297 3564 342 3628 sic
365 3586 474 3630 versus
497 3566 650 3630 secundus
674 3586 743 3628 cum
766 3565 928 3646 superiore
949 3585 1091 3646 pugnare
1113 3563 1161 3627 vi-

71 3679 206 3746 debatur.
250 3681 371 3746 Verum
401 3683 428 3746 si
460 3705 530 3748 cum
561 3683 768 3747 Haurzammo
798 3683 832 3745 in
860 3682 989 3746 vocibus
1012 3703 1081 3744 ruoz
1104 3681 1161 3744 do·

71 3799 153 3862 ruine
182 3821 251 3863 meu
282 3801 434 3864 orationis
461 3801 527 3866 vim
548 3801 685 3882 positam
707 3823 775 3865 esse
798 3804 981 3877 statuemus,
1003 3798 1084 3861 nihil
1105 3798 1160 3862 de-

71 3914 268 3982 siderabitur:
297 3919 440 4000 ’pacem
468 3941 638 3984 veneror
661 3942 668 3983 :
691 3918 771 3982 nisi
794 3939 877 3981 cum
899 3916 1056 3981 domina
1077 3939 1160 3979 mea

71 4035 221 4110 proelia
241 4059 317 4100 non
338 4038 565 4102 committo'.
598 4037 646 4102 Ae
661 4059 789 4119 prorsus
805 4034 1024 4114 similitmlii,
1040 4037 1080 4098 29
1097 4057 1158 4116 sq.:

71 4151 262 4166 k..—

166 4221 174 4252 ¹
192 4227 236 4272 Otr
254 4227 414 4288 Hismarus,
432 4228 482 4273 vol.
501 4227 514 4272 I
531 4241 556 4286 p.
578 4229 632 4287 120,
653 4229 790 4286 Posteris,
808 4226 906 4271 Introd.
925 4240 950 4285 p.
969 4229 1024 4272 110.

164 4305 174 4336 ²
191 4310 313 4358 Eiusuus
331 4325 434 4371 quoque
453 4312 532 4358 edidit
550 4318 591 4358 sat
609 4315 635 4358 et
654 4319 759 4359 tantuna
