2924 4950
287 505 390 590 Alque
413 527 467 588 epo
489 525 552 568 non
576 505 700 569 eldeum
723 505 802 568 lulcs
824 505 988 570 succedere
1010 512 1126 588 uenies,

340 625 417 688 Cum
439 625 497 689 tibi
514 632 682 710 provectus
705 624 835 707 uuferul
856 625 945 689 undu
967 631 1053 689 rates

228 766 262 808 15
289 745 330 808 m
351 765 399 808 me
422 744 559 827 defluum
582 767 682 810 curem
701 746 851 829 puliulur
875 748 907 809 in
931 767 989 808 eru

341 864 502 929 Crudelem
526 867 644 950 infesta
667 888 883 952 superserere
906 887 1012 930 murm.

286 1091 375 1170 115,
398 1092 539 1154 39-40.

289 1209 417 1288 Quiete
440 1208 564 1292 coqebel
586 1208 700 1271 multos
717 1207 842 1290 pallere
865 1206 982 1271 coleres

336 1326 378 1390 Ec
397 1326 506 1409 fletum
528 1327 640 1389 inuitis
662 1326 775 1389 ducere
797 1324 995 1388 luminibus?
1081 1339 1083 1342 ⁴

287 1460 419 1545 Cophes
445 1461 523 1525 mihi
545 1456 726 1543 suspectum
748 1465 806 1540 est,
829 1460 979 1542 quoniam
1001 1460 1039 1524 de
1062 1458 1198 1541 Cynthia
1220 1458 1280 1521 mi-

183 1603 252 1644 ram
282 1580 421 1662 speeiem
450 1602 534 1644 verae
565 1580 640 1644 fidei
670 1602 736 1662 prae
759 1601 792 1643 se
814 1579 935 1643 ferente
958 1579 1073 1660 agitur,
1097 1577 1144 1641 cfr
1167 1601 1216 1642 vv.
1240 1578 1280 1642 34

183 1699 322 1781 (creditu
341 1699 482 1783 perfidie
505 1697 565 1782 est)
588 1703 620 1762 et
641 1699 682 1762 42
705 1698 738 1779 (ο
761 1698 861 1762 nullis
884 1704 984 1761 tulmn
1008 1697 1133 1760 credere
1155 1696 1281 1760 licendi-

181 1817 265 1900 liis).
309 1816 360 1882 Ad
391 1819 509 1882 colores
540 1821 645 1882 autem
676 1817 864 1882 attributum
895 1816 1090 1881 desideratur
1119 1815 1183 1878 tale
1213 1814 1280 1877 fere

174 1937 276 2024 ¹quale
310 1938 421 2001 inritis
454 1937 493 2000 ad
527 1936 700 2000 luminibus
735 1936 884 2018 positum.
937 1935 996 1998 His
1034 1933 1136 1999 causis
1169 1933 1280 1996 ductus

180 2055 305 2120 conicio
328 2055 529 2139 Propertium
550 2054 728 2137 scripsisse:

287 2192 366 2271 Quis
388 2199 415 2256 le
431 2191 617 2256 credebat
634 2191 760 2274 siclos
775 2187 842 2271 (vel
855 2186 1005 2272 falsos)
1021 2188 1142 2273 pallere
1159 2189 1276 2252 colores

335 2310 377 2375 m
398 2311 506 2384 fletum
528 2312 640 2374 irruitis
662 2309 774 2374 ducere
797 2307 994 2373 luminibus?

283 2445 338 2510 Ofr
359 2443 417 2510 Ov.
439 2445 499 2528 Ep.
522 2443 632 2510 vles
654 2447 799 2510 lacrimis
826 2447 861 2508 iu
886 2445 975 2528 false
1002 2443 1186 2508 cudentibus
1212 2464 1280 2524 cru,

180 2565 253 2629 Ter.
276 2565 392 2629 Heaut.
416 2564 477 2628 888
500 2564 602 2628 uoltus
625 2584 745 2648 quoque
766 2563 928 2627 lominum
941 2561 1035 2646 finpil
1050 2563 1161 2643 scelus,
1176 2561 1280 2626 Maxi-

180 2683 311 2747 minian.
334 2682 364 2746 V
389 2684 424 2746 ll
449 2705 496 2764 sq.
519 2704 606 2747 nunc
628 2682 764 2746 uiderunt
786 2683 938 2763 lucrimce,
959 2683 1104 2767 pumilus,
1125 2682 1281 2765 suspiria,
1392 2732 1396 2738 .

180 2803 356 2886 pallorque,
389 2801 430 2866 El
452 2801 610 2887 quidquid
631 2800 787 2864 nullum
814 2800 977 2886 sinpere
1003 2821 1124 2885 posse
1153 2807 1279 2885 pules.

283 3009 373 3086 116,
397 3009 530 3070 21-22.

328 3124 467 3188 Nullane
488 3124 565 3207 finis
588 3126 649 3188 erit
669 3131 779 3188 nostru
803 3144 949 3187 concessu
971 3122 1084 3204 dolori,

379 3243 498 3326 Turpis
520 3250 549 3307 el
572 3245 606 3306 in
629 3243 734 3327 lepido
758 3243 868 3327 limine
890 3263 1019 3307 somnus
1041 3241 1133 3305 erit?

282 3359 357 3425 Non
385 3383 515 3442 possum
545 3362 682 3425 editores
713 3384 777 3426 non
803 3362 993 3444 vituperare,
1016 3361 1100 3442 quod
1122 3360 1161 3424 ad
1182 3382 1280 3424 unum

182 3503 290 3545 omnes
321 3481 478 3562 scriptura
508 3481 651 3546 codicum
672 3482 792 3546 reiecta
813 3505 884 3546 eum
906 3480 994 3546 Italis
1017 3483 1121 3546 tristis
1143 3481 1279 3563 seripse-

181 3603 263 3663 runt.
308 3597 381 3663 Nisi
402 3599 485 3663 forte
508 3599 559 3663 vel
578 3600 624 3663 sie
641 3599 715 3664 huie
731 3600 841 3683 elegiae
857 3601 934 3665 satis
950 3600 1089 3665 tristities
1104 3623 1168 3665 non
1182 3600 1278 3664 inest!

182 3716 303 3800 Opinor
334 3717 373 3781 iis
406 3717 600 3800 persuasisse
633 3717 847 3784 Buouruvsivu
877 3720 1082 3784 scribentem:
1117 3719 1210 3801 “quid
1237 3719 1279 3782 sit

180 3842 273 3920 turpe
303 3859 367 3901 non
398 3841 509 3902 curant
540 3841 708 3919 amatores,
740 3839 853 3920 quibus
875 3839 984 3921 utique
1006 3837 1126 3912 inutilis
1149 3842 1197 3902 est
1218 3861 1278 3920 pu-

181 3958 269 4021 d0r“.
313 3954 375 4020 Sed
396 3961 482 4020 reete
504 3956 618 4037 Buris,
642 3959 696 4040 qui
717 3963 824 4023 tamen
846 3959 950 4023 tristis
968 3981 1076 4023 veram
1090 3957 1279 4040 scripturum

181 4098 250 4141 esse
280 4078 386 4157 putat:
421 4075 499 4140 “etsi
529 4081 686 4142 amatores
707 4077 892 4160 plerumque
913 4078 1033 4160 pudore
1056 4077 1277 4154 destituuntur,

180 4194 339 4258 interdum
368 4197 474 4260 tamen
505 4195 600 4275 idem,
629 4197 712 4280 apud
732 4196 893 4260 hominem
914 4196 1087 4280 ingenuum
1109 4199 1203 4275 certe,
1225 4217 1277 4261 re·
