2924 4950
221 364 259 420 62

179 553 216 594 ea
245 529 383 595 moriar)
428 528 544 595 Sensus
575 552 721 594 versuum
754 528 794 593 39
826 552 873 612 sq.
895 529 1015 594 maiore
1037 529 1069 594 vi
1090 530 1227 594 iteratur
1250 554 1279 608 v,

177 650 228 713 42.
272 648 327 713 Ofr
349 650 444 713 etiam
467 671 537 731 quae
561 653 735 730 sequuntur
758 651 825 731 'pro
849 648 963 730 quibus
986 649 1124 732 optatls'‚
1148 672 1221 731 quae
1241 651 1281 714 ad

178 791 207 832 v.
231 768 269 830 41
295 772 449 850 spectant.

278 886 349 950 Hoc
377 887 476 968 igitur
505 887 598 950 modo
621 885 873 950 distribuendum
896 908 1023 950 carmen
1044 888 1085 950 28
1107 909 1167 969 pro
1191 893 1279 952 certo

177 1004 297 1069 habeo:

310 1121 334 1187 l.
357 1121 408 1187 Ad
431 1121 598 1206 Cynthiam
623 1128 832 1206 aegrotantem
855 1124 1042 1189 cohortatio.

358 1266 408 1307 vv.
432 1244 546 1306 3-32,

204 1407 208 1416 .
294 1359 334 1426 ll.
357 1360 408 1425 Ad
429 1360 538 1426 lovem
560 1383 680 1443 preces.

358 1504 407 1544 vv.
433 1481 524 1559 1-2,
548 1481 683 1544 33-46.

280 1597 335 1662 Ill.
360 1599 540 1664 Gratiarum
572 1600 654 1663 actio
686 1604 718 1663 et
749 1601 788 1663 ad
819 1599 987 1682 Cynthiam
1017 1605 1195 1664 recreatam
1224 1623 1279 1666 co-

403 1717 553 1782 hortatio,

359 1860 408 1900 00.
432 1837 568 1900 47-62.

281 2077 339 2137 111
360 2078 389 2138 7.

282 2191 432 2256 Ordinem
463 2213 610 2256 versuum
640 2192 733 2256 huius
764 2192 874 2274 elegiae
906 2193 1034 2257 omnino
1064 2198 1188 2258 rectum
1210 2217 1280 2259 esse

181 2316 276 2393 atque
303 2310 489 2375 Scrnrssavu
516 2314 548 2374 et
568 2309 762 2375 Biuuausrvn
784 2311 954 2374 audacibus
976 2312 1281 2394 transpositionibus

180 2432 299 2495 frustra
319 2431 480 2494 laborasse
503 2429 653 2494 Vrunuu¹
677 2434 709 2494 et
731 2427 835 2493 Orro²
856 2430 920 2493 iam
938 2431 1152 2508 ostenderunt.
1188 2431 1282 2508 Quod

181 2555 287 2614 autem
318 2546 445 2614 Vannius
478 2571 586 2613 versus
618 2550 743 2612 25-28
774 2571 830 2613 suo
861 2549 932 2613 loco
955 2553 1061 2614 servat
1084 2549 1181 2614 verbo
1204 2552 1281 2615 red·

181 2668 246 2731 dite
277 2671 405 2750 poetam
436 2669 542 2731 000100
572 2667 669 2731 maris
692 2667 819 2749 adloqui
840 2671 938 2745 ratae,
961 2667 1122 2731 adsentior
1143 2665 1282 2733 Orrour³

182 2809 247 2850 non
270 2787 440 2868 contigisse
462 2786 519 2865 illi,
543 2786 680 2850 uthans
703 2786 892 2850 sententiam
911 2785 1070 2868 probaret.
1108 2784 1191 2851 Orro
1213 2787 1283 2870 ipse

183 2905 411 2983 difficultatem,
440 2927 509 2985 quae
532 2904 686 2968 hocloco
710 2926 818 2968 omnes
841 2904 973 2968 offendit
993 2905 1195 2987 interpretes
1217 2907 1283 2972 tol-

181 3025 247 3088 lere
276 3023 345 3088 vult
372 3023 515 3087 versibus
539 3023 663 3086 13—16
685 3025 759 3103 post
781 3022 822 3085 24
842 3022 1027 3102 inserendis
1050 3028 1085 3088 ut
1106 3021 1227 3106 Aquilo
1251 3029 1284 3090 et

181 3141 350 3226 Neptunus
378 3141 586 3224 appellentur.
630 3140 674 3204 Et
695 3143 782 3204 recte
804 3139 865 3204 hoc
888 3141 1024 3222 quidem,
1048 3143 1152 3207 credo.
1197 3131 1284 3208 Nam

183 3265 215 3325 et
250 3260 412 3344 aptissime
423 3258 446 3338 4,
479 3265 514 3323 ut
546 3259 643 3323 humo
682 3281 795 3341 corpus
832 3259 1012 3338 reddant,
1048 3265 1203 3343 rogantur
1224 3263 1283 3343 illi,

184 3401 263 3461 quos
284 3382 380 3462 poeta
402 3378 526 3443 Paetum
548 3378 676 3460 indigne
698 3378 732 3442 in
753 3378 852 3442 undas
874 3378 1016 3460 rapuisse
1040 3377 1101 3460 (cfr
1123 3383 1231 3465 spolia
1254 3406 1283 3448 r.

287 3548 293 3578 ¹
313 3543 361 3600 lib.
381 3552 422 3599 die
441 3551 628 3609 Fatus-Elegio
647 3551 693 3597 des
711 3551 796 3611 Prop.,
815 3551 991 3610 Sitzungsber.
1010 3552 1056 3598 der
1068 3552 1164 3612 konigl.
1177 3555 1284 3602 Prouss.

184 3637 264 3684 Akad.
284 3638 329 3682 der
348 3637 421 3684 Wiss.
435 3624 505 3683 '1883
524 3635 572 3683 III.

285 3715 492 3767 ²Versumstell.
511 3721 524 3766 1
542 3735 586 3780 pp.
607 3721 713 3768 19—21.

286 3799 331 3851 ³1.
350 3806 366 3851 1.
385 3820 410 3865 p.
430 3807 471 3854 21.

283 3885 367 3936 ⁴Hoc
393 3892 483 3936 contra
505 3891 650 3936 Vnuuuuvn
674 3890 767 3951 iudico,
790 3891 834 3949 qui
858 3891 964 3950 scripsit
982 3891 1008 3947 (l.
1027 3891 1043 3936 l.
1063 3904 1087 3950 p.
1107 3891 1162 3947 82J:
1183 3889 1285 3950 “genau

182 3975 337 4035 benachtet,
365 3974 459 4020 diirlen
487 3956 553 4020 auch
580 3975 677 4020 Boreas
704 3975 757 4020 und
783 3976 895 4036 Neptun,
922 3975 963 4021 die
986 3975 1022 4021 im
1041 3976 1128 4021 Sturm
1147 3976 1194 4022 das
1213 3977 1285 4024 Mser

183 4058 343 4116 ausgewiihlt
369 4059 424 4104 und
451 4059 500 4104 den
528 4059 733 4115 Ungliicklichen
759 4060 807 4105 in's
831 4061 977 4106 verderben
996 4073 1110 4118 gezogen
1128 4060 1224 4122 haben,
1243 4061 1285 4107 die

183 4145 336 4201 geeigneten
364 4143 468 4189 Mtchte
495 4143 566 4188 nicht
584 4142 648 4198 sein,
666 4157 715 4188 von
735 4143 817 4190 denen
836 4145 883 4190 der
900 4144 1006 4190 Dichter
1024 4144 1146 4205 begehre,
1165 4145 1227 4192 dass
1245 4146 1284 4192 sie

184 4229 233 4274 (100
253 4228 395 4274 Leichnam
415 4228 461 4274 der
479 4228 547 4274 Erdo
566 4226 772 4285 zu1·dokgeben“.
809 4229 853 4275 Cir
871 4229 950 4275 etiam
969 4229 1036 4276 Orro
1053 4229 1069 4276 l.
1088 4229 1106 4275 1.
1125 4243 1150 4290 p.
1170 4230 1211 4277 21.
