<?xml version="1.0" encoding="UTF-8"?>
<!DOCTYPE html PUBLIC "-//W3C//DTD XHTML 1.0 Transitional//EN"
    "http://www.w3.org/TR/xhtml1/DTD/xhtml1-transitional.dtd">
<html xmlns="http://www.w3.org/1999/xhtml" xml:lang="en" lang="en">
 <head>
  <title>
</title>
<meta http-equiv="Content-Type" content="text/html;charset=utf-8" />
  <meta name='ocr-system' content='tesseract 3.04.00' />
  <meta name='ocr-capabilities' content='ocr_page ocr_carea ocr_par ocr_line ocrx_word'/>
</head>
<body>
  <div class='ocr_page' id='page_1' title='image "./emendationesete00risbgoog_0057.png"; bbox 0 0 2924 4950; ppageno 0'>
   <div class='ocr_carea' id='block_1_1' title="bbox 224 325 262 380">
    <p class='ocr_par' dir='ltr' id='par_1_1' title="bbox 224 325 262 380">
     <span class='ocr_line' id='line_1_1' title="bbox 224 325 262 380; baseline 0 0"><span class='ocrx_word' id='word_1_1' title='bbox 224 325 262 380; x_wconf 85' lang='lat'><em>52</em></span> 
     </span>
    </p>
   </div>
   <div class='ocr_carea' id='block_1_2' title="bbox 178 484 1288 1754">
    <p class='ocr_par' dir='ltr' id='par_1_2' title="bbox 178 484 1288 1754">
     <span class='ocr_line' id='line_1_2' title="bbox 280 484 1283 574; baseline -0.007 -19"><span class='ocrx_word' id='word_1_2' title='bbox 280 489 427 555; x_wconf 74' lang='lat' dir='ltr'><em>Ceterum</em></span> <span class='ocrx_word' id='word_1_3' title='bbox 460 491 561 574; x_wconf 70' lang='lat' dir='ltr'><em>niqra</em></span> <span class='ocrx_word' id='word_1_4' title='bbox 584 487 712 552; x_wconf 86' lang='lat' dir='ltr'><em>harena</em></span> <span class='ocrx_word' id='word_1_5' title='bbox 734 491 867 570; x_wconf 79' lang='lat' dir='ltr'><strong>possunt</strong></span> <span class='ocrx_word' id='word_1_6' title='bbox 888 485 1034 550; x_wconf 83' lang='lat' dir='ltr'><em>universe</em></span> <span class='ocrx_word' id='word_1_7' title='bbox 1057 484 1209 568; x_wconf 87' lang='lat' dir='ltr'><em>explicari</em></span> <span class='ocrx_word' id='word_1_8' title='bbox 1230 484 1283 549; x_wconf 94' lang='lat' dir='ltr'><em>li-</em></span> 
     </span>
     <span class='ocr_line' id='line_1_3' title="bbox 178 603 1286 690; baseline -0.005 -17"><span class='ocrx_word' id='word_1_9' title='bbox 178 613 267 673; x_wconf 86' lang='lat' dir='ltr'><em>tora</em></span> <span class='ocrx_word' id='word_1_10' title='bbox 299 608 436 672; x_wconf 89' lang='lat' dir='ltr'><em>infera.</em></span> <span class='ocrx_word' id='word_1_11' title='bbox 479 605 564 672; x_wconf 88' lang='lat' dir='ltr'><em>Nam</em></span> <span class='ocrx_word' id='word_1_12' title='bbox 596 608 725 690; x_wconf 78' lang='lat' dir='ltr'><em>niprarn</em></span> <span class='ocrx_word' id='word_1_13' title='bbox 758 608 889 670; x_wconf 85' lang='lat' dir='ltr'><em>vocatur</em></span> <span class='ocrx_word' id='word_1_14' title='bbox 915 603 1064 686; x_wconf 85' lang='lat' dir='ltr'><em>quicquid</em></span> <span class='ocrx_word' id='word_1_15' title='bbox 1087 605 1126 668; x_wconf 91' lang='lat' dir='ltr'><em>ad</em></span> <span class='ocrx_word' id='word_1_16' title='bbox 1148 607 1286 668; x_wconf 92' lang='lat' dir='ltr'><em>mortem</em></span> 
     </span>
     <span class='ocr_line' id='line_1_4' title="bbox 179 721 1285 809; baseline -0.005 -18"><span class='ocrx_word' id='word_1_17' title='bbox 179 732 274 809; x_wconf 88' lang='lat' dir='ltr'><em>atque</em></span> <span class='ocrx_word' id='word_1_18' title='bbox 296 726 414 792; x_wconf 86' lang='lat' dir='ltr'><em>inferos</em></span> <span class='ocrx_word' id='word_1_19' title='bbox 436 726 575 809; x_wconf 72' lang='lat' dir='ltr'><strong>pertinet</strong></span> <span class='ocrx_word' id='word_1_20' title='bbox 597 724 658 807; x_wconf 89' lang='lat' dir='ltr'><em>(cfr</em></span> <span class='ocrx_word' id='word_1_21' title='bbox 679 723 726 788; x_wconf 93' lang='lat' dir='ltr'><em>IV</em></span> <span class='ocrx_word' id='word_1_22' title='bbox 750 725 800 803; x_wconf 85' lang='grc'><em>11,</em></span> <span class='ocrx_word' id='word_1_23' title='bbox 823 726 842 788; x_wconf 89' lang='grc'>2</span> <span class='ocrx_word' id='word_1_24' title='bbox 866 725 967 787; x_wconf 85' lang='lat' dir='ltr'><em>ianua</em></span> <span class='ocrx_word' id='word_1_25' title='bbox 989 724 1084 808; x_wconf 72' lang='lat' dir='ltr'><em>niqra</em></span> <span class='ocrx_word' id='word_1_26' title='bbox 1107 721 1155 786; x_wconf 91' lang='grc' dir='ltr'><em>ΠΙ</em></span> <span class='ocrx_word' id='word_1_27' title='bbox 1178 724 1227 799; x_wconf 92' lang='grc'><em>12,</em></span> <span class='ocrx_word' id='word_1_28' title='bbox 1244 724 1285 786; x_wconf 89' lang='grc'><em>33</em></span> 
     </span>
     <span class='ocr_line' id='line_1_5' title="bbox 180 838 1285 928; baseline -0.005 -20"><span class='ocrx_word' id='word_1_29' title='bbox 180 846 346 928; x_wconf 78' lang='lat' dir='ltr'><em>niprantes</em></span> <span class='ocrx_word' id='word_1_30' title='bbox 377 845 485 908; x_wconf 81' lang='lat' dir='ltr'><em>dancus</em></span> <span class='ocrx_word' id='word_1_31' title='bbox 512 845 705 925; x_wconf 80' lang='lat' dir='ltr'><em>arrimarnnc,</em></span> <span class='ocrx_word' id='word_1_32' title='bbox 729 844 779 922; x_wconf 87' lang='grc'><em>28,</em></span> <span class='ocrx_word' id='word_1_33' title='bbox 802 843 843 905; x_wconf 99' lang='grc'><em>40</em></span> <span class='ocrx_word' id='word_1_34' title='bbox 866 843 949 906; x_wconf 86' lang='lat' dir='ltr'><em>ratis</em></span> <span class='ocrx_word' id='word_1_35' title='bbox 973 841 1100 919; x_wconf 84' lang='lat' dir='ltr'><em>carnia,</em></span> <span class='ocrx_word' id='word_1_36' title='bbox 1124 840 1194 904; x_wconf 87' lang='lat' dir='ltr'><strong>Tib.</strong></span> <span class='ocrx_word' id='word_1_37' title='bbox 1217 838 1233 904; x_wconf 94' lang='lat' dir='ltr'>I</span> <span class='ocrx_word' id='word_1_38' title='bbox 1255 842 1285 918; x_wconf 85' lang='lat'><em>3,</em></span> 
     </span>
     <span class='ocr_line' id='line_1_6' title="bbox 179 957 1285 1046; baseline -0.005 -20"><span class='ocrx_word' id='word_1_39' title='bbox 179 963 219 1026; x_wconf 87' lang='grc'><em>68</em></span> <span class='ocrx_word' id='word_1_40' title='bbox 239 962 376 1044; x_wconf 79' lang='lat' dir='ltr'><em>Jlarnina</em></span> <span class='ocrx_word' id='word_1_41' title='bbox 399 963 506 1046; x_wconf 67' lang='lat' dir='ltr'><em>niqra,</em></span> <span class='ocrx_word' id='word_1_42' title='bbox 528 959 627 1039; x_wconf 85' lang='lat'>1113,</span> <span class='ocrx_word' id='word_1_43' title='bbox 650 962 689 1025; x_wconf 84' lang='lat'><em>37</em></span> <span class='ocrx_word' id='word_1_44' title='bbox 712 962 900 1045; x_wconf 76' lang='lat' dir='ltr'><em>eriprarnqae</em></span> <span class='ocrx_word' id='word_1_45' title='bbox 921 959 1081 1044; x_wconf 85' lang='lat' dir='ltr'><em>paludem,</em></span> <span class='ocrx_word' id='word_1_46' title='bbox 1093 959 1191 1041; x_wconf 84' lang='lat' dir='ltr'><em>Verg.</em></span> <span class='ocrx_word' id='word_1_47' title='bbox 1204 957 1285 1022; x_wconf 89' lang='lat' dir='ltr'><em>Aen.</em></span> 
     </span>
     <span class='ocr_line' id='line_1_7' title="bbox 178 1060 1286 1163; baseline -0.005 -18"><span class='ocrx_word' id='word_1_48' title='bbox 178 1079 226 1145; x_wconf 90' lang='lat' dir='ltr'><em>VI</em></span> <span class='ocrx_word' id='word_1_49' title='bbox 248 1060 414 1145; x_wconf 70' lang='grc'>32011111</span> <span class='ocrx_word' id='word_1_50' title='bbox 438 1079 550 1161; x_wconf 79' lang='lat' dir='ltr'><em>liuida,</em></span> <span class='ocrx_word' id='word_1_51' title='bbox 573 1077 631 1143; x_wconf 84' lang='lat' dir='ltr'><em>Ov.</em></span> <span class='ocrx_word' id='word_1_52' title='bbox 649 1078 726 1143; x_wconf 90' lang='lat' dir='ltr'><em>Met.</em></span> <span class='ocrx_word' id='word_1_53' title='bbox 749 1077 796 1143; x_wconf 91' lang='lat' dir='ltr'><em>XI</em></span> <span class='ocrx_word' id='word_1_54' title='bbox 819 1080 881 1143; x_wconf 85' lang='lat'><em>500</em></span> <span class='ocrx_word' id='word_1_55' title='bbox 905 1078 1019 1163; x_wconf 75' lang='lat' dir='ltr'><em>Stypia</em></span> <span class='ocrx_word' id='word_1_56' title='bbox 1041 1080 1168 1163; x_wconf 77' lang='lat' dir='ltr'><em>nipricr</em></span> <span class='ocrx_word' id='word_1_57' title='bbox 1186 1077 1286 1158; x_wconf 82' lang='lat' dir='ltr'><em>anda,</em></span> 
     </span>
     <span class='ocr_line' id='line_1_8' title="bbox 179 1195 1288 1282; baseline -0.005 -19"><span class='ocrx_word' id='word_1_58' title='bbox 179 1197 259 1263; x_wconf 84' lang='lat' dir='ltr'><em>Stat.</em></span> <span class='ocrx_word' id='word_1_59' title='bbox 296 1197 396 1262; x_wconf 82' lang='lat' dir='ltr'>Theb.</span> <span class='ocrx_word' id='word_1_60' title='bbox 430 1197 477 1262; x_wconf 91' lang='lat' dir='ltr'><em>XI</em></span> <span class='ocrx_word' id='word_1_61' title='bbox 507 1199 569 1262; x_wconf 88' lang='grc'><em>410</em></span> <span class='ocrx_word' id='word_1_62' title='bbox 598 1199 704 1282; x_wconf 73' lang='lat' dir='ltr'><em>nipris</em></span> <span class='ocrx_word' id='word_1_63' title='bbox 732 1198 771 1261; x_wconf 86' lang='lat' dir='ltr'><em>ab</em></span> <span class='ocrx_word' id='word_1_64' title='bbox 801 1197 891 1279; x_wconf 83' lang='lat' dir='ltr'><em>aris),</em></span> <span class='ocrx_word' id='word_1_65' title='bbox 918 1197 1072 1261; x_wconf 77' lang='lat' dir='ltr'><em>harenam</em></span> <span class='ocrx_word' id='word_1_66' title='bbox 1095 1200 1201 1260; x_wconf 87' lang='lat' dir='ltr'><em>autem</em></span> <span class='ocrx_word' id='word_1_67' title='bbox 1223 1195 1288 1258; x_wconf 90' lang='lat' dir='ltr'><em>dici</em></span> 
     </span>
     <span class='ocr_line' id='line_1_9' title="bbox 178 1313 1288 1401; baseline -0.004 -21"><span class='ocrx_word' id='word_1_68' title='bbox 178 1339 237 1399; x_wconf 92' lang='lat' dir='ltr'><em>pro</em></span> <span class='ocrx_word' id='word_1_69' title='bbox 271 1317 373 1396; x_wconf 89' lang='lat' dir='ltr'><em>litore,</em></span> <span class='ocrx_word' id='word_1_70' title='bbox 408 1319 483 1401; x_wconf 83' lang='lat' dir='ltr'><em>ripa</em></span> <span class='ocrx_word' id='word_1_71' title='bbox 505 1316 706 1380; x_wconf 88' lang='lat' dir='ltr'><em>notissimum</em></span> <span class='ocrx_word' id='word_1_72' title='bbox 729 1320 777 1379; x_wconf 88' lang='lat' dir='ltr'><em>est</em></span> <span class='ocrx_word' id='word_1_73' title='bbox 799 1314 860 1397; x_wconf 85' lang='lat' dir='ltr'><em>(cfr</em></span> <span class='ocrx_word' id='word_1_74' title='bbox 882 1313 897 1379; x_wconf 90' lang='lat' dir='ltr'>I</span> <span class='ocrx_word' id='word_1_75' title='bbox 920 1316 948 1393; x_wconf 87' lang='lat'><em>8,</em></span> <span class='ocrx_word' id='word_1_76' title='bbox 972 1316 1010 1378; x_wconf 91' lang='grc'><em>21</em></span> <span class='ocrx_word' id='word_1_77' title='bbox 1040 1315 1207 1398; x_wconf 70' lang='lat' dir='ltr'><em>Tyrrhena</em></span> <span class='ocrx_word' id='word_1_78' title='bbox 1228 1313 1288 1376; x_wconf 94' lang='lat' dir='ltr'><em>ha·</em></span> 
     </span>
     <span class='ocr_line' id='line_1_10' title="bbox 179 1432 1288 1517; baseline -0.003 -19"><span class='ocrx_word' id='word_1_79' title='bbox 179 1456 269 1517; x_wconf 81' lang='lat' dir='ltr'><em>rena,</em></span> <span class='ocrx_word' id='word_1_80' title='bbox 291 1432 339 1498; x_wconf 91' lang='grc' dir='ltr'><em>ΙΙΙ</em></span> <span class='ocrx_word' id='word_1_81' title='bbox 362 1435 412 1512; x_wconf 88' lang='grc'><em>14,</em></span> <span class='ocrx_word' id='word_1_82' title='bbox 436 1435 474 1499; x_wconf 85' lang='grc'><em>17</em></span> <span class='ocrx_word' id='word_1_83' title='bbox 499 1435 629 1498; x_wconf 85' lang='lat' dir='ltr'><em>Eurota</em></span> <span class='ocrx_word' id='word_1_84' title='bbox 650 1434 792 1516; x_wconf 75' lang='lat' dir='ltr'><em>hanania,</em></span> <span class='ocrx_word' id='word_1_85' title='bbox 816 1432 883 1497; x_wconf 80' lang='lat' dir='ltr'><em>Cat.</em></span> <span class='ocrx_word' id='word_1_86' title='bbox 898 1434 947 1510; x_wconf 90' lang='grc'><em>64,</em></span> <span class='ocrx_word' id='word_1_87' title='bbox 964 1433 1003 1496; x_wconf 83' lang='grc'><em>57</em></span> <span class='ocrx_word' id='word_1_88' title='bbox 1019 1435 1054 1496; x_wconf 83' lang='lat' dir='ltr'><em>in</em></span> <span class='ocrx_word' id='word_1_89' title='bbox 1070 1434 1139 1496; x_wconf 84' lang='lat' dir='ltr'><em>sala</em></span> <span class='ocrx_word' id='word_1_90' title='bbox 1152 1433 1288 1514; x_wconf 77' lang='lat' dir='ltr'><em>harena,</em></span> 
     </span>
     <span class='ocr_line' id='line_1_11' title="bbox 184 1550 1288 1636; baseline -0.003 -19"><span class='ocrx_word' id='word_1_91' title='bbox 184 1551 242 1617; x_wconf 87' lang='lat' dir='ltr'><em>Ov.</em></span> <span class='ocrx_word' id='word_1_92' title='bbox 264 1551 304 1616; x_wconf 89' lang='lat' dir='ltr'><em>A.</em></span> <span class='ocrx_word' id='word_1_93' title='bbox 328 1575 356 1616; x_wconf 92' lang='lat' dir='ltr'><em>a.</em></span> <span class='ocrx_word' id='word_1_94' title='bbox 378 1551 394 1616; x_wconf 92' lang='lat' dir='ltr'>I</span> <span class='ocrx_word' id='word_1_95' title='bbox 416 1553 476 1616; x_wconf 83' lang='lat'><em>527</em></span> <span class='ocrx_word' id='word_1_96' title='bbox 500 1554 535 1616; x_wconf 90' lang='lat' dir='ltr'><em>in</em></span> <span class='ocrx_word' id='word_1_97' title='bbox 557 1552 677 1636; x_wconf 75' lang='lat' dir='ltr'><em>ipnatis</em></span> <span class='ocrx_word' id='word_1_98' title='bbox 698 1550 852 1633; x_wconf 79' lang='lat' dir='ltr'><em>harenis).</em></span> <span class='ocrx_word' id='word_1_99' title='bbox 896 1550 1011 1615; x_wconf 84' lang='lat' dir='ltr'>Melior</span> <span class='ocrx_word' id='word_1_100' title='bbox 1032 1555 1139 1614; x_wconf 89' lang='lat' dir='ltr'><em>tamen</em></span> <span class='ocrx_word' id='word_1_101' title='bbox 1161 1550 1288 1615; x_wconf 88' lang='lat' dir='ltr'><em>videtur</em></span> 
     </span>
     <span class='ocr_line' id='line_1_12' title="bbox 181 1668 622 1754; baseline -0.002 -20"><span class='ocrx_word' id='word_1_102' title='bbox 181 1671 270 1754; x_wconf 92' lang='lat' dir='ltr'><em>prior</em></span> <span class='ocrx_word' id='word_1_103' title='bbox 291 1670 347 1734; x_wconf 83' lang='lat' dir='ltr'><em>illa</em></span> <span class='ocrx_word' id='word_1_104' title='bbox 368 1669 589 1752; x_wconf 73' lang='lat' dir='ltr'><em>interpretatio</em></span> <span class='ocrx_word' id='word_1_105' title='bbox 601 1668 622 1732; x_wconf 80' lang='lat'><em>².</em></span> 
     </span>
    </p>
   </div>
   <div class='ocr_carea' id='block_1_3' title="bbox 284 1892 547 1970">
    <p class='ocr_par' dir='ltr' id='par_1_3' title="bbox 284 1892 547 1970">
     <span class='ocr_line' id='line_1_13' title="bbox 284 1892 547 1970; baseline -0.015 -14"><span class='ocrx_word' id='word_1_106' title='bbox 284 1893 333 1956; x_wconf 84' lang='lat' dir='ltr'><em>lv</em></span> <span class='ocrx_word' id='word_1_107' title='bbox 356 1893 387 1970; x_wconf 82' lang='grc'><em>1,</em></span> <span class='ocrx_word' id='word_1_108' title='bbox 410 1892 547 1954; x_wconf 77' lang='lat' dir='ltr'><em>:rr-42.</em></span> 
     </span>
    </p>
   </div>
   <div class='ocr_carea' id='block_1_4' title="bbox 267 2040 1166 2697">
    <p class='ocr_par' dir='ltr' id='par_1_4' title="bbox 285 2040 1166 2243">
     <span class='ocr_line' id='line_1_14' title="bbox 285 2040 1166 2128; baseline -0.003 -21"><span class='ocrx_word' id='word_1_109' title='bbox 285 2043 472 2128; x_wconf 74' lang='lat' dir='ltr'><em>Lypdaaras</em></span> <span class='ocrx_word' id='word_1_110' title='bbox 494 2041 538 2104; x_wconf 87' lang='lat' dir='ltr'><em>ad</em></span> <span class='ocrx_word' id='word_1_111' title='bbox 560 2040 698 2124; x_wconf 71' lang='lat' dir='ltr'><em>cyathos,</em></span> <span class='ocrx_word' id='word_1_112' title='bbox 721 2042 858 2124; x_wconf 78' lang='lat' dir='ltr'><em>nitrique</em></span> <span class='ocrx_word' id='word_1_113' title='bbox 881 2041 991 2104; x_wconf 81' lang='lat' dir='ltr'><em>astina</em></span> <span class='ocrx_word' id='word_1_114' title='bbox 1014 2041 1166 2125; x_wconf 78' lang='lat' dir='ltr'><em>serpellea,</em></span> 
     </span>
     <span class='ocr_line' id='line_1_15' title="bbox 334 2158 981 2243; baseline -0.003 -19"><span class='ocrx_word' id='word_1_115' title='bbox 334 2161 376 2224; x_wconf 82' lang='lat' dir='ltr'><em>Et</em></span> <span class='ocrx_word' id='word_1_116' title='bbox 401 2159 605 2243; x_wconf 74' lang='lat' dir='ltr'><em>Methymnai</em></span> <span class='ocrx_word' id='word_1_117' title='bbox 630 2158 743 2222; x_wconf 79' lang='lat' dir='ltr'><em>Graeca</em></span> <span class='ocrx_word' id='word_1_118' title='bbox 766 2160 870 2222; x_wconf 84' lang='lat' dir='ltr'><em>salina</em></span> <span class='ocrx_word' id='word_1_119' title='bbox 893 2161 981 2222; x_wconf 79' lang='lat' dir='ltr'><em>inari.</em></span> 
     </span>
    </p>

    <p class='ocr_par' dir='ltr' id='par_1_5' title="bbox 283 2275 1052 2361">
     <span class='ocr_line' id='line_1_16' title="bbox 283 2275 1052 2361; baseline -0.004 -18"><span class='ocrx_word' id='word_1_120' title='bbox 283 2279 408 2343; x_wconf 78' lang='lat' dir='ltr'><em>Nilotes</em></span> <span class='ocrx_word' id='word_1_121' title='bbox 430 2278 545 2342; x_wconf 78' lang='lat' dir='ltr'><em>tibicen</em></span> <span class='ocrx_word' id='word_1_122' title='bbox 568 2285 645 2356; x_wconf 88' lang='lat' dir='ltr'><em>erat,</em></span> <span class='ocrx_word' id='word_1_123' title='bbox 670 2278 868 2341; x_wconf 79' lang='lat' dir='ltr'><em>crotalistria</em></span> <span class='ocrx_word' id='word_1_124' title='bbox 894 2277 1017 2361; x_wconf 72' lang='lat' dir='ltr'><em>Phyllis</em></span> <span class='ocrx_word' id='word_1_125' title='bbox 1030 2275 1052 2358; x_wconf 79' lang='lat'><em>²,</em></span> 
     </span>
    </p>

    <p class='ocr_par' dir='ltr' id='par_1_6' title="bbox 267 2397 1076 2481">
     <span class='ocr_line' id='line_1_17' title="bbox 267 2397 1076 2481; baseline -0.006 -16"><span class='ocrx_word' id='word_1_126' title='bbox 267 2458 271 2466; x_wconf 91' lang='lat'>.</span> <span class='ocrx_word' id='word_1_127' title='bbox 332 2397 375 2461; x_wconf 75' lang='lat' dir='ltr'><em>Er</em></span> <span class='ocrx_word' id='word_1_128' title='bbox 395 2397 508 2479; x_wconf 80' lang='lat' dir='ltr'><em>facil-is</em></span> <span class='ocrx_word' id='word_1_129' title='bbox 531 2398 644 2481; x_wconf 81' lang='lat' dir='ltr'><em>sparpi</em></span> <span class='ocrx_word' id='word_1_130' title='bbox 665 2397 785 2460; x_wconf 78' lang='lat' dir='ltr'><em>maceda</em></span> <span class='ocrx_word' id='word_1_131' title='bbox 808 2397 876 2460; x_wconf 82' lang='lat' dir='ltr'><em>sine</em></span> <span class='ocrx_word' id='word_1_132' title='bbox 899 2403 968 2460; x_wconf 92' lang='lat' dir='ltr'><em>arte</em></span> <span class='ocrx_word' id='word_1_133' title='bbox 990 2417 1076 2472; x_wconf 81' lang='lat' dir='ltr'><em>rasa.</em></span> 
     </span>
    </p>

    <p class='ocr_par' dir='ltr' id='par_1_7' title="bbox 285 2514 1154 2697">
     <span class='ocr_line' id='line_1_18' title="bbox 285 2514 1154 2598; baseline 0 -20"><span class='ocrx_word' id='word_1_134' title='bbox 285 2515 402 2578; x_wconf 81' lang='lat' dir='ltr'><em>Narras</em></span> <span class='ocrx_word' id='word_1_135' title='bbox 424 2522 453 2578; x_wconf 93' lang='lat' dir='ltr'><em>et</em></span> <span class='ocrx_word' id='word_1_136' title='bbox 476 2517 543 2598; x_wconf 65' lang='lat' dir='ltr'><em>irase</em></span> <span class='ocrx_word' id='word_1_137' title='bbox 566 2536 639 2578; x_wconf 80' lang='lat' dir='ltr'><em>snas</em></span> <span class='ocrx_word' id='word_1_138' title='bbox 661 2514 796 2578; x_wconf 80' lang='lat' dir='ltr'><em>breuiter</em></span> <span class='ocrx_word' id='word_1_139' title='bbox 820 2521 982 2578; x_wconf 83' lang='lat' dir='ltr'><em>concretas</em></span> <span class='ocrx_word' id='word_1_140' title='bbox 1005 2517 1040 2578; x_wconf 90' lang='lat' dir='ltr'><em>in</em></span> <span class='ocrx_word' id='word_1_141' title='bbox 1062 2523 1154 2580; x_wconf 81' lang='lat' dir='ltr'><em>artas</em></span> 
     </span>
     <span class='ocr_line' id='line_1_19' title="bbox 332 2632 1053 2697; baseline 0.001 -2"><span class='ocrx_word' id='word_1_142' title='bbox 332 2632 478 2695; x_wconf 83' lang='lat' dir='ltr'><em>lactabat</em></span> <span class='ocrx_word' id='word_1_143' title='bbox 502 2639 634 2696; x_wconf 82' lang='lat' dir='ltr'><em>trancas</em></span> <span class='ocrx_word' id='word_1_144' title='bbox 657 2633 701 2696; x_wconf 76' lang='lat' dir='ltr'><em>acl</em></span> <span class='ocrx_word' id='word_1_145' title='bbox 724 2653 800 2696; x_wconf 84' lang='lat' dir='ltr'><em>caca</em></span> <span class='ocrx_word' id='word_1_146' title='bbox 823 2632 907 2696; x_wconf 82' lang='lat' dir='ltr'><em>daca</em></span> <span class='ocrx_word' id='word_1_147' title='bbox 929 2655 1053 2697; x_wconf 81' lang='lat' dir='ltr'><em>manas.</em></span> 
     </span>
    </p>
   </div>
   <div class='ocr_carea' id='block_1_5' title="bbox 182 2801 1284 2884">
    <p class='ocr_par' dir='ltr' id='par_1_8' title="bbox 182 2801 1284 2884">
     <span class='ocr_line' id='line_1_20' title="bbox 182 2801 1284 2884; baseline 0.001 -18"><span class='ocrx_word' id='word_1_148' title='bbox 182 2801 286 2866; x_wconf 87' lang='lat' dir='ltr'><em>Versu</em></span> <span class='ocrx_word' id='word_1_149' title='bbox 308 2802 349 2864; x_wconf 92' lang='grc'><em>42</em></span> <span class='ocrx_word' id='word_1_150' title='bbox 373 2823 481 2865; x_wconf 88' lang='lat' dir='ltr'><em>omnes</em></span> <span class='ocrx_word' id='word_1_151' title='bbox 503 2801 647 2865; x_wconf 87' lang='lat' dir='ltr'><em>scribunt</em></span> <span class='ocrx_word' id='word_1_152' title='bbox 669 2823 784 2884; x_wconf 80' lang='lat' dir='ltr'><em>nanas,</em></span> <span class='ocrx_word' id='word_1_153' title='bbox 808 2802 891 2883; x_wconf 93' lang='lat' dir='ltr'><em>quod</em></span> <span class='ocrx_word' id='word_1_154' title='bbox 913 2801 1033 2883; x_wconf 89' lang='lat' dir='ltr'><em>primus</em></span> <span class='ocrx_word' id='word_1_155' title='bbox 1050 2803 1187 2867; x_wconf 84' lang='lat' dir='ltr'><em>correxit</em></span> <span class='ocrx_word' id='word_1_156' title='bbox 1201 2803 1284 2868; x_wconf 89' lang='lat' dir='ltr'><em>Ber-</em></span> 
     </span>
    </p>
   </div>
   <div class='ocr_carea' id='block_1_6' title="bbox 184 2909 1284 3005">
    <p class='ocr_par' dir='ltr' id='par_1_9' title="bbox 184 2909 1284 3005">
     <span class='ocr_line' id='line_1_21' title="bbox 184 2909 1284 3005; baseline 0.002 -20"><span class='ocrx_word' id='word_1_157' title='bbox 184 2921 294 2986; x_wconf 88' lang='lat' dir='ltr'><em>oaldus</em></span> <span class='ocrx_word' id='word_1_158' title='bbox 316 2944 374 3004; x_wconf 92' lang='lat' dir='ltr'><em>pro</em></span> <span class='ocrx_word' id='word_1_159' title='bbox 398 2909 541 2985; x_wconf 85' lang='lat' dir='ltr'><em>codicum</em></span> <span class='ocrx_word' id='word_1_160' title='bbox 563 2943 707 3005; x_wconf 77' lang='lat' dir='ltr'><em>rnapnns.</em></span> <span class='ocrx_word' id='word_1_161' title='bbox 741 2919 802 2984; x_wconf 82' lang='lat' dir='ltr'><em>Sed</em></span> <span class='ocrx_word' id='word_1_162' title='bbox 824 2921 894 2985; x_wconf 88' lang='lat' dir='ltr'><em>vide</em></span> <span class='ocrx_word' id='word_1_163' title='bbox 916 2943 956 2984; x_wconf 91' lang='lat' dir='ltr'><em>ne</em></span> <span class='ocrx_word' id='word_1_164' title='bbox 979 2922 1147 2987; x_wconf 86' lang='lat' dir='ltr'>admodum</span> <span class='ocrx_word' id='word_1_165' title='bbox 1169 2923 1210 2987; x_wconf 85' lang='lat' dir='ltr'><em>sit</em></span> <span class='ocrx_word' id='word_1_166' title='bbox 1231 2923 1284 2987; x_wconf 91' lang='lat' dir='ltr'><em>in-</em></span> 
     </span>
    </p>
   </div>
   <div class='ocr_carea' id='block_1_7' title="bbox 182 3037 1285 3360">
    <p class='ocr_par' dir='ltr' id='par_1_10' title="bbox 182 3037 1285 3360">
     <span class='ocr_line' id='line_1_22' title="bbox 182 3037 1285 3120; baseline 0.002 -17"><span class='ocrx_word' id='word_1_167' title='bbox 182 3040 380 3104; x_wconf 86' lang='lat' dir='ltr'><em>considerata</em></span> <span class='ocrx_word' id='word_1_168' title='bbox 401 3038 470 3102; x_wconf 90' lang='lat' dir='ltr'><em>haec</em></span> <span class='ocrx_word' id='word_1_169' title='bbox 494 3039 658 3103; x_wconf 87' lang='lat' dir='ltr'><em>correctio.</em></span> <span class='ocrx_word' id='word_1_170' title='bbox 692 3037 776 3102; x_wconf 89' lang='lat' dir='ltr'><em>Nam</em></span> <span class='ocrx_word' id='word_1_171' title='bbox 797 3043 893 3120; x_wconf 91' lang='lat' dir='ltr'><em>poeta</em></span> <span class='ocrx_word' id='word_1_172' title='bbox 914 3039 991 3102; x_wconf 89' lang='lat' dir='ltr'><em>illud</em></span> <span class='ocrx_word' id='word_1_173' title='bbox 1016 3040 1195 3104; x_wconf 83' lang='lat' dir='ltr'><em>convivium</em></span> <span class='ocrx_word' id='word_1_174' title='bbox 1216 3045 1285 3106; x_wconf 89' lang='lat' dir='ltr'><em>tarn</em></span> 
     </span>
     <span class='ocr_line' id='line_1_23' title="bbox 183 3157 1284 3251; baseline 0.005 -31"><span class='ocrx_word' id='word_1_175' title='bbox 183 3158 222 3221; x_wconf 86' lang='lat' dir='ltr'><em>ad</em></span> <span class='ocrx_word' id='word_1_176' title='bbox 244 3157 409 3222; x_wconf 83' lang='lat' dir='ltr'><em>veritatem</em></span> <span class='ocrx_word' id='word_1_177' title='bbox 433 3162 465 3221; x_wconf 90' lang='lat' dir='ltr'><em>et</em></span> <span class='ocrx_word' id='word_1_178' title='bbox 486 3158 689 3251; x_wconf 71' lang='lat' dir='ltr'><em>praeentiam</em></span> <span class='ocrx_word' id='word_1_179' title='bbox 711 3159 983 3222; x_wconf 84' lang='lat' dir='ltr'><em>accommodatum</em></span> <span class='ocrx_word' id='word_1_180' title='bbox 1004 3181 1132 3224; x_wconf 90' lang='lat' dir='ltr'><em>narrare</em></span> <span class='ocrx_word' id='word_1_181' title='bbox 1147 3161 1284 3242; x_wconf 80' lang='lat' dir='ltr'><em>videtur,</em></span> 
     </span>
     <span class='ocr_line' id='line_1_24' title="bbox 182 3275 1284 3360; baseline 0.006 -22"><span class='ocrx_word' id='word_1_182' title='bbox 182 3278 217 3338; x_wconf 94' lang='lat' dir='ltr'><em>ut</em></span> <span class='ocrx_word' id='word_1_183' title='bbox 250 3275 388 3339; x_wconf 89' lang='lat' dir='ltr'><em>omnium</em></span> <span class='ocrx_word' id='word_1_184' title='bbox 426 3277 480 3358; x_wconf 94' lang='lat' dir='ltr'><em>qui</em></span> <span class='ocrx_word' id='word_1_185' title='bbox 513 3277 626 3340; x_wconf 84' lang='lat' dir='ltr'><em>adsunt</em></span> <span class='ocrx_word' id='word_1_186' title='bbox 658 3277 823 3340; x_wconf 89' lang='lat' dir='ltr'><em>tradantur</em></span> <span class='ocrx_word' id='word_1_187' title='bbox 844 3277 985 3341; x_wconf 89' lang='lat' dir='ltr'><em>nomina:</em></span> <span class='ocrx_word' id='word_1_188' title='bbox 1008 3277 1199 3360; x_wconf 64' lang='lat' dir='ltr'><em>Lygdamus</em></span> <span class='ocrx_word' id='word_1_189' title='bbox 1222 3280 1284 3346; x_wconf 91' lang='lat' dir='ltr'><em>Ni-</em></span> 
     </span>
    </p>
   </div>
   <div class='ocr_carea' id='block_1_8' title="bbox 182 3392 1285 3478">
    <p class='ocr_par' dir='ltr' id='par_1_11' title="bbox 182 3392 1285 3478">
     <span class='ocr_line' id='line_1_25' title="bbox 182 3392 1285 3478; baseline 0.007 -22"><span class='ocrx_word' id='word_1_190' title='bbox 182 3392 274 3472; x_wconf 84' lang='grc'>11111,</span> <span class='ocrx_word' id='word_1_191' title='bbox 299 3393 466 3477; x_wconf 63' lang='lat' dir='ltr'><em>(Phidia),</em></span> <span class='ocrx_word' id='word_1_192' title='bbox 489 3393 611 3477; x_wconf 82' lang='lat' dir='ltr'><em>Phyllis</em></span> <span class='ocrx_word' id='word_1_193' title='bbox 635 3392 677 3476; x_wconf 87' lang='lat' dir='ltr'><em>(v.</em></span> <span class='ocrx_word' id='word_1_194' title='bbox 700 3393 764 3477; x_wconf 85' lang='grc'>29),</span> <span class='ocrx_word' id='word_1_195' title='bbox 788 3394 865 3459; x_wconf 83' lang='lat' dir='ltr'><em>Teia</em></span> <span class='ocrx_word' id='word_1_196' title='bbox 888 3395 930 3477; x_wconf 81' lang='lat' dir='ltr'><em>(u.</em></span> <span class='ocrx_word' id='word_1_197' title='bbox 954 3395 1017 3478; x_wconf 88' lang='grc'>31).</span> <span class='ocrx_word' id='word_1_198' title='bbox 1054 3396 1098 3462; x_wconf 85' lang='lat' dir='ltr'><em>Et</em></span> <span class='ocrx_word' id='word_1_199' title='bbox 1120 3398 1165 3462; x_wconf 89' lang='lat' dir='ltr'><em>sic</em></span> <span class='ocrx_word' id='word_1_200' title='bbox 1188 3400 1285 3464; x_wconf 86' lang='lat' dir='ltr'><em>etiam</em></span> 
     </span>
    </p>
   </div>
   <div class='ocr_carea' id='block_1_9' title="bbox 180 3579 1284 4074">
    <p class='ocr_par' dir='ltr' id='par_1_12' title="bbox 180 3579 1284 4074">
     <span class='ocr_line' id='line_1_26' title="bbox 286 3579 1284 3649; baseline 0.006 -19"><span class='ocrx_word' id='word_1_201' title='bbox 286 3579 294 3608; x_wconf 82' lang='lat'>¹</span> <span class='ocrx_word' id='word_1_202' title='bbox 316 3585 370 3630; x_wconf 84' lang='lat' dir='ltr'><em>Hoc</em></span> <span class='ocrx_word' id='word_1_203' title='bbox 396 3586 509 3631; x_wconf 85' lang='lat' dir='ltr'><em>carmine</em></span> <span class='ocrx_word' id='word_1_204' title='bbox 532 3585 576 3643; x_wconf 89' lang='lat' dir='ltr'><em>(IV</em></span> <span class='ocrx_word' id='word_1_205' title='bbox 595 3583 618 3641; x_wconf 86' lang='grc'><em>6)</em></span> <span class='ocrx_word' id='word_1_206' title='bbox 639 3599 653 3631; x_wconf 84' lang='lat' dir='ltr'><em>a</em></span> <span class='ocrx_word' id='word_1_207' title='bbox 670 3586 761 3645; x_wconf 87' lang='lat' dir='ltr'><em>primis</em></span> <span class='ocrx_word' id='word_1_208' title='bbox 785 3586 928 3633; x_wconf 78' lang='lat' dir='ltr'><em>editoribus</em></span> <span class='ocrx_word' id='word_1_209' title='bbox 946 3587 1066 3634; x_wconf 87' lang='lat' dir='ltr'><em>videntur</em></span> <span class='ocrx_word' id='word_1_210' title='bbox 1084 3589 1149 3649; x_wconf 74' lang='lat' dir='ltr'><em>dure</em></span> <span class='ocrx_word' id='word_1_211' title='bbox 1167 3589 1284 3636; x_wconf 74' lang='lat' dir='ltr'><em>conflatae</em></span> 
     </span>
     <span class='ocr_line' id='line_1_27' title="bbox 181 3669 1284 3732; baseline 0.006 -18"><span class='ocrx_word' id='word_1_212' title='bbox 181 3681 239 3714; x_wconf 86' lang='lat' dir='ltr'><em>esse</em></span> <span class='ocrx_word' id='word_1_213' title='bbox 257 3669 385 3728; x_wconf 87' lang='lat' dir='ltr'><em>Propertii</em></span> <span class='ocrx_word' id='word_1_214' title='bbox 411 3673 657 3731; x_wconf 83' lang='lat' dir='ltr'><em>conceptiones.</em></span> <span class='ocrx_word' id='word_1_215' title='bbox 685 3671 788 3717; x_wconf 84' lang='lat' dir='ltr'><em>Etenim</em></span> <span class='ocrx_word' id='word_1_216' title='bbox 806 3671 898 3730; x_wconf 90' lang='lat' dir='ltr'><em>opinor</em></span> <span class='ocrx_word' id='word_1_217' title='bbox 913 3673 1077 3732; x_wconf 88' lang='lat' dir='ltr'><em>Propertium</em></span> <span class='ocrx_word' id='word_1_218' title='bbox 1090 3674 1156 3719; x_wconf 83' lang='lat' dir='ltr'><em>hanc</em></span> <span class='ocrx_word' id='word_1_219' title='bbox 1172 3674 1284 3732; x_wconf 82' lang='lat' dir='ltr'><em>elegiam</em></span> 
     </span>
     <span class='ocr_line' id='line_1_28' title="bbox 181 3753 1283 3816; baseline 0.007 -19"><span class='ocrx_word' id='word_1_220' title='bbox 181 3753 337 3800; x_wconf 87' lang='lat' dir='ltr'><em>versibus</em></span> <span class='ocrx_word' id='word_1_221' title='bbox 358 3755 391 3800; x_wconf 94' lang='grc'><em>11</em></span> <span class='ocrx_word' id='word_1_222' title='bbox 411 3768 462 3814; x_wconf 61' lang='lat' dir='ltr'><em>sq„</em></span> <span class='ocrx_word' id='word_1_223' title='bbox 482 3758 519 3803; x_wconf 81' lang='grc'><em>67</em></span> <span class='ocrx_word' id='word_1_224' title='bbox 540 3770 583 3815; x_wconf 89' lang='lat' dir='ltr'><em>sq.</em></span> <span class='ocrx_word' id='word_1_225' title='bbox 603 3756 761 3816; x_wconf 83' lang='lat' dir='ltr'><em>exceptis</em></span> <span class='ocrx_word' id='word_1_226' title='bbox 780 3756 916 3815; x_wconf 86' lang='lat' dir='ltr'><em>scripsisse</em></span> <span class='ocrx_word' id='word_1_227' title='bbox 935 3757 968 3802; x_wconf 85' lang='lat' dir='ltr'><em>ad</em></span> <span class='ocrx_word' id='word_1_228' title='bbox 985 3757 1132 3814; x_wconf 77' lang='lat' dir='ltr'><em>Augustum</em></span> <span class='ocrx_word' id='word_1_229' title='bbox 1151 3758 1283 3805; x_wconf 83' lang='lat' dir='ltr'><em>celebran-</em></span> 
     </span>
     <span class='ocr_line' id='line_1_29' title="bbox 181 3837 1283 3902; baseline 0.005 -19"><span class='ocrx_word' id='word_1_230' title='bbox 181 3837 243 3883; x_wconf 89' lang='lat' dir='ltr'><em>dum</em></span> <span class='ocrx_word' id='word_1_231' title='bbox 261 3842 369 3898; x_wconf 86' lang='lat' dir='ltr'><em>propter</em></span> <span class='ocrx_word' id='word_1_232' title='bbox 387 3839 522 3886; x_wconf 85' lang='lat' dir='ltr'><em>victoriam</em></span> <span class='ocrx_word' id='word_1_233' title='bbox 541 3843 610 3902; x_wconf 86' lang='lat' dir='ltr'><em>apud</em></span> <span class='ocrx_word' id='word_1_234' title='bbox 628 3841 730 3887; x_wconf 83' lang='lat' dir='ltr'><em>Actium</em></span> <span class='ocrx_word' id='word_1_235' title='bbox 748 3844 916 3902; x_wconf 77' lang='lat' dir='ltr'><em>reportatam,</em></span> <span class='ocrx_word' id='word_1_236' title='bbox 934 3844 1026 3900; x_wconf 83' lang='lat' dir='ltr'><em>postea</em></span> <span class='ocrx_word' id='word_1_237' title='bbox 1044 3844 1130 3888; x_wconf 83' lang='lat' dir='ltr'><em>autem</em></span> <span class='ocrx_word' id='word_1_238' title='bbox 1149 3843 1207 3889; x_wconf 88' lang='lat' dir='ltr'><em>illos</em></span> <span class='ocrx_word' id='word_1_239' title='bbox 1226 3857 1283 3891; x_wconf 84' lang='lat' dir='ltr'><em>ver-</em></span> 
     </span>
     <span class='ocr_line' id='line_1_30' title="bbox 181 3923 1282 3987; baseline 0.007 -20"><span class='ocrx_word' id='word_1_240' title='bbox 181 3936 225 3968; x_wconf 87' lang='grc'><em>111</em></span> <span class='ocrx_word' id='word_1_241' title='bbox 252 3923 390 3985; x_wconf 72' lang='lat' dir='ltr'><em>addidisse,</em></span> <span class='ocrx_word' id='word_1_242' title='bbox 408 3928 438 3971; x_wconf 91' lang='lat' dir='ltr'><em>ut</em></span> <span class='ocrx_word' id='word_1_243' title='bbox 456 3939 560 3972; x_wconf 86' lang='lat' dir='ltr'><em>carmen</em></span> <span class='ocrx_word' id='word_1_244' title='bbox 579 3927 732 3973; x_wconf 89' lang='lat' dir='ltr'><em>versibus</em></span> <span class='ocrx_word' id='word_1_245' title='bbox 753 3927 851 3986; x_wconf 88' lang='grc'>1-10,</span> <span class='ocrx_word' id='word_1_246' title='bbox 872 3928 905 3972; x_wconf 86' lang='grc'><em>13</em></span> <span class='ocrx_word' id='word_1_247' title='bbox 925 3940 984 3987; x_wconf 84' lang='lat' dir='ltr'><em>sq.,</em></span> <span class='ocrx_word' id='word_1_248' title='bbox 1005 3929 1111 3974; x_wconf 86' lang='grc'>69-86</span> <span class='ocrx_word' id='word_1_249' title='bbox 1131 3929 1282 3976; x_wconf 77' lang='lat' dir='ltr'><em>seclusis</em></span> 
     </span>
     <span class='ocr_line' id='line_1_31' title="bbox 180 4001 1282 4074; baseline 0.009 -24"><span class='ocrx_word' id='word_1_250' title='bbox 180 4006 247 4052; x_wconf 89' lang='lat' dir='ltr'><em>iuter</em></span> <span class='ocrx_word' id='word_1_251' title='bbox 274 4001 355 4068; x_wconf 80' lang='grc' dir='ltr'>αἴτια,</span> <span class='ocrx_word' id='word_1_252' title='bbox 375 4022 431 4067; x_wconf 80' lang='lat' dir='ltr'><em>quae</em></span> <span class='ocrx_word' id='word_1_253' title='bbox 449 4015 582 4072; x_wconf 85' lang='lat' dir='ltr'><em>vocarunt,</em></span> <span class='ocrx_word' id='word_1_254' title='bbox 600 4012 735 4058; x_wconf 85' lang='lat' dir='ltr'><em>insereret.</em></span> <span class='ocrx_word' id='word_1_255' title='bbox 770 4011 860 4070; x_wconf 79' lang='lat' dir='ltr'><em>Amici,</em></span> <span class='ocrx_word' id='word_1_256' title='bbox 879 4011 972 4070; x_wconf 89' lang='lat' dir='ltr'><em>quill</em></span> <span class='ocrx_word' id='word_1_257' title='bbox 992 4025 1038 4072; x_wconf 84' lang='lat' dir='ltr'><em>sq.,</em></span> <span class='ocrx_word' id='word_1_258' title='bbox 1058 4014 1089 4060; x_wconf 83' lang='grc'><em>67</em></span> <span class='ocrx_word' id='word_1_259' title='bbox 1109 4026 1147 4072; x_wconf 85' lang='lat' dir='ltr'><em>sq.</em></span> <span class='ocrx_word' id='word_1_260' title='bbox 1166 4014 1282 4074; x_wconf 84' lang='lat' dir='ltr'><em>adscrip-</em></span> 
     </span>
    </p>
   </div>
   <div class='ocr_carea' id='block_1_10' title="bbox 180 4086 989 4240">
    <p class='ocr_par' dir='ltr' id='par_1_13' title="bbox 180 4086 989 4240">
     <span class='ocr_line' id='line_1_32' title="bbox 180 4086 989 4157; baseline 0.009 -20"><span class='ocrx_word' id='word_1_261' title='bbox 180 4095 220 4138; x_wconf 86' lang='lat' dir='ltr'><em>tos</em></span> <span class='ocrx_word' id='word_1_262' title='bbox 239 4086 400 4154; x_wconf 78' lang='lat' dir='ltr'><em>invenerunt,</em></span> <span class='ocrx_word' id='word_1_263' title='bbox 419 4108 449 4141; x_wconf 85' lang='lat' dir='ltr'><em>ea</em></span> <span class='ocrx_word' id='word_1_264' title='bbox 467 4109 495 4142; x_wconf 90' lang='lat' dir='ltr'><em>re</em></span> <span class='ocrx_word' id='word_1_265' title='bbox 514 4110 564 4142; x_wconf 92' lang='lat' dir='ltr'><em>non</em></span> <span class='ocrx_word' id='word_1_266' title='bbox 583 4103 722 4157; x_wconf 86' lang='lat' dir='ltr'><em>perspecta</em></span> <span class='ocrx_word' id='word_1_267' title='bbox 740 4097 827 4143; x_wconf 78' lang='lat' dir='ltr'><em>omnia</em></span> <span class='ocrx_word' id='word_1_268' title='bbox 845 4097 989 4144; x_wconf 89' lang='lat' dir='ltr'><em>ediderunt.</em></span> 
     </span>
     <span class='ocr_line' id='line_1_33' title="bbox 282 4170 715 4240; baseline 0.014 -19"><span class='ocrx_word' id='word_1_269' title='bbox 282 4170 293 4200; x_wconf 82' lang='lat'><strong>²</strong></span> <span class='ocrx_word' id='word_1_270' title='bbox 312 4178 404 4224; x_wconf 62' lang='lat' dir='ltr'><em>Phellia</em></span> <span class='ocrx_word' id='word_1_271' title='bbox 422 4179 450 4240; x_wconf 90' lang='lat'><em>0,</em></span> <span class='ocrx_word' id='word_1_272' title='bbox 470 4181 561 4226; x_wconf 78' lang='lat' dir='ltr'><em>Phiale</em></span> <span class='ocrx_word' id='word_1_273' title='bbox 578 4181 715 4228; x_wconf 80' lang='lat' dir='ltr'><em>anusnn.</em></span> 
     </span>
    </p>
   </div>
   <div class='ocr_carea' id='block_1_11' title="bbox 0 0 1466 4950">
    <p class='ocr_par' dir='ltr' id='par_1_14' title="bbox 0 0 1466 4950">
     <span class='ocr_line' id='line_1_34' title="bbox 0 0 1466 4950; baseline 0 0"><span class='ocrx_word' id='word_1_274' title='bbox 0 0 1466 4950; x_wconf 95' lang='lat' dir='ltr'><em> </em></span> 
     </span>
    </p>
   </div>
  </div>
 </body>
</html>
